3267 5250
906 437 1087 504 00⁰6
1841 452 2202 504 ,antrorum

1739 675 1927 790 nm.
1971 720 2295 791 Lxxv.

996 912 1088 979 A.
1135 909 1531 978 Postumius
1582 907 1878 976 Albinus
1920 912 2211 994 legatus,
2273 929 2428 976 cum
2473 909 2684 976 classi
2737 914 3094 995 praeesset,¹

909 1014 1179 1080 infamis
1208 1014 1485 1079 crimine
1512 1012 1940 1096 proditionis,
1967 1013 2056 1078 ab
2087 1011 2392 1079 exercitu
2417 1033 2546 1077 suo
2573 1013 2960 1079 interfectus
2985 1020 3098 1078 eet.
3189 1071 3191 1074 Α

908 1119 995 1184 L.
1026 1117 1381 1184 Cornelius
1425 1114 1618 1200 Sylla
1647 1117 1909 1199 legatus
1951 1117 2284 1182 Samnites
2332 1114 2576 1200 praelio
2605 1117 2796 1188 vicit,
2845 1123 2914 1182 et
2955 1116 3100 1181 bina

904 1225 1141 1286 kastra
1190 1239 1427 1285 eorum
1484 1221 1922 1303 expugnavit.
2037 1220 2166 1287 Cn.
2227 1219 2598 1304 Pompeius
2655 1215 2986 1284 Vestinos
3037 1219 3099 1282 in

906 1322 1318 1388 deditionem
1368 1325 1661 1407 accepit.
1761 1323 1847 1388 L.
1895 1323 2185 1390 Porcius
2239 1323 2499 1400 consul,
2545 1323 2749 1390 rebus
2799 1339 3101 1406 prospere

908 1424 1120 1510 gestis
1163 1424 1469 1511 fusisque
1512 1425 1879 1510 aliquoties
1927 1427 2212 1505 Marsis,
2240 1426 2402 1491 dum
2448 1430 2674 1490 castra
2717 1443 2944 1490 eorum
2989 1441 3097 1489 ex-

906 1535 1219 1614 pugnat,⁸
1264 1529 1527 1595 cecidit.
1616 1529 1724 1595 Ea
1765 1550 1874 1595 res
1916 1530 2232 1596 hostibus
2281 1529 2642 1596 victoriam
2689 1527 2840 1613 ejus
2893 1523 3102 1612 pra-,lii

904 1630 1116 1697 dedit.
1231 1622 1619 1698 Cosconius
1673 1639 1742 1699 et
1791 1633 2128 1699 Lucceius
2185 1633 2524 1698 Samnites
2578 1629 2727 1697 acie
2787 1630 3101 1707 vicerunt,

860 1788 869 1798 .
904 1732 1203 1799 Marium
1254 1733 1645 1817 Egnatium,
1672 1727 2176 1801 nobilissimum
2217 1735 2508 1800 hostium
2551 1731 2813 1812 ducem,
2857 1731 3100 1798 occide-

903 1841 1075 1913 runt,
1106 1837 1588 1922 compluraque
1618 1856 1848 1903 eorum
1871 1837 2134 1922 oppida
2155 1838 2226 1902 in
2252 1834 2664 1901 deditionem
2685 1839 3100 1921 acceperunt.

903 1937 985 2002 L.
1012 1938 1207 2022 Sylla
1257 1938 1591 2022 Hirpinos
1622 1939 1907 2020 domuit,
1958 1940 2296 2006 Samnites
2339 1937 2576 2002 multis
2622 1938 2882 2021 praeliis
2927 1935 3106 2010 fudit,

904 2041 1161 2125 aliquot
1188 2042 1486 2126 populos
1513 2043 1820 2127 recepit;
1864 2043 2267 2128 quantisque
2311 2059 2463 2108 raro
2493 2040 2853 2125 quisquam
2889 2038 3062 2104 alius
3081 2043 3101 2082 ³

904 2150 1064 2207 ante
1125 2143 1552 2208 consulatum
1601 2145 1802 2209 rebus
1849 2145 2084 2230 gestis,
2137 2144 2225 2209 ad
2279 2143 2667 2228 petitionem
2721 2141 3104 2208 consulatus

903 2243 1199 2310 Romam
1228 2252 1338 2310 est
1361 2245 1740 2331 profectus.

1919 2372 2188 2395 000000000

968 2479 997 2526 1
1030 2475 1049 2504 ⁴
1064 2475 1171 2528 Sed
1191 2491 1315 2528 eum
1336 2476 1479 2526 classi
1498 2475 1771 2540 proefuirre,
1791 2481 1845 2524 et
1865 2475 2137 2528 Romanos,
2149 2473 2358 2523 omnino
2380 2473 2635 2524 classibus
2651 2487 2771 2524 usos
2793 2487 2913 2524 esse
2933 2470 2985 2522 in
3005 2472 3106 2523 bel-

898 2543 952 2592 lo
976 2542 1175 2602 sociali,
1204 2554 1357 2591 nemo
1379 2541 1561 2592 tradit.
1628 2541 1772 2591 Hinc
1796 2539 1955 2589 verba
1979 2554 2086 2588 cum
2105 2540 2251 2588 elueri
2264 2546 2490 2602 praesset
2511 2539 2755 2600 delenda,
2777 2548 2836 2589 et
2859 2553 2956 2603 pro
2978 2540 3039 2587 iis
3057 2539 3106 2586 in

898 2607 1139 2658 obsidione
1158 2611 1423 2658 castrorum
1442 2605 1704 2667 hostilium,
1724 2620 1839 2671 que
1864 2619 1981 2654 cum
2007 2605 2144 2666 aliis,
2176 2618 2244 2654 ex
2267 2605 2420 2655 initio
2441 2605 2588 2667 Epit.
2609 2619 2720 2669 seq.
2741 2604 3038 2666 inculcatis,
3057 2603 3104 2651 in

900 2672 1206 2736 quibusdam
1230 2672 1363 2723 Mn.
1386 2674 1651 2736 leguntur,
1673 2670 1976 2734 reponenda
1997 2669 2225 2735 putabat
2245 2670 2419 2719 Drak-
2481 2672 2642 2721 Forte
2667 2671 2771 2732 leg.
2795 2672 2991 2732 legatus
3009 2682 3106 2717 eun

898 2739 1071 2854 {queris
1105 2737 1367 2853 ρπεᾶκεῖ
1401 2738 1728 2803 Ruperu-ss
1769 2738 2028 2801 oppugnat
2065 2736 2213 2786 malit
2246 2734 2515 2786 Dalm—8
2550 2735 2808 2801 Ignorant
2845 2734 2974 2787 edd.
2993 2742 3106 2783 ante

940 2817 1076 2868 'gono
1105 2821 1137 2854 Τ
1256 2818 1332 2854 ω.

1705 3064 1895 3133 LIB.
1939 3066 2305 3137 LXXVI.

982 3252 1075 3321 A.
1103 3253 1446 3320 Gabinius
1472 3253 1761 3337 legatus,
1814 3254 2014 3319 rebus
2042 3252 2372 3319 adversus
2417 3248 2734 3318 Lucanos
2777 3272 3106 3338 prospere

897 3359 1131 3441 gestis,
1154 3370 1225 3424 et
1255 3358 1569 3445 plurimis
1599 3357 1876 3442 oppidis
1905 3358 2344 3442 expugnatis,
2363 3356 2434 3421 in
2463 3355 2816 3422 obsidione
2847 3364 3110 3422 castro·

890 3480 1045 3527 rum
1070 3460 1421 3526 hostilium
1444 3459 1717 3527 cecidit.
1806 3458 2156 3542 Sulpicius
2185 3460 2451 3541 legatus
2473 3455 2906 3525 Marrucinos
2935 3459 3110 3524 ceci-

894 3563 1018 3636 dit,
1076 3569 1473 3649 totamque4
1538 3582 1694 3627 eam
1749 3559 2094 3645 regionem
2156 3563 2434 3646 recepit.
2546 3560 2671 3627 Cn.
2731 3560 3110 3646 Pompeius

896 3666 1267 3748 proconsul
1321 3662 1650 3731 Vestinos
1707 3668 1775 3729 et
1832 3662 2158 3746 Pelignus
2216 3663 2287 3727 in
2343 3661 2760 3729 deditionem
2817 3664 3112 3749 accepit.

894 3768 1115 3833 Marsi
1164 3788 1459 3854 quoque,
1504 3788 1551 3833 a
1599 3766 1683 3832 L.
1733 3766 2024 3831 Murena
2072 3772 2146 3831 et
2197 3765 2486 3836 Gaecilio
2540 3765 2763 3832 Pinna
2814 3765 3064 3851 legatis
3085 3772 3108 3809 ⁵

892 3871 1159 3961 aliquot
1208 3871 1470 3958 praeliis
1512 3871 1730 3950 fracti,
1773 3890 2018 3955 pacem
2064 3870 2422 3954 petierunt.
2505 3868 2840 3945 Asculum
2881 3886 2931 3935 a
2984 3868 3112 3937 Cn.

1815 4027 2173 4051 Omeeeeeeeo

955 4116 987 4161 4
1030 4113 1397 4176 [saniemque
1419 4112 1584 4164 Gron.
1606 4111 1820 4177 Doujat.
1841 4113 2000 4163 Crev.
2054 4110 2072 4139 ‘
2093 4112 2223 4162 Mox
2249 4108 2408 4162 verba
2435 4111 2529 4162 Cu.
2553 4107 2812 4173 Pompeius
2830 4140 2845 4155 .
2862 4141 2878 4157 .
2897 4105 3112 4172 aceepit

891 4177 1083 4229 absunt
1104 4192 1135 4225 a
1156 4178 1262 4229 Mn.
1281 4179 1445 4241 Berg.
1482 4179 1710 4243 repetita
1741 4176 1882 4227 forte
1911 4192 1980 4227 ex
2005 4177 2146 4243 Epir.
2172 4191 2335 4243 proec.
2367 4175 2546 4239 recepit
2569 4174 2674 4225 Me.
2697 4172 2901 4223 Boend.
2926 4188 3110 4223 verum

889 4242 941 4292 id
970 4242 1183 4291 verbum
1218 4244 1369 4292 modo
1392 4242 1701 4307 praecessit!
1731 4243 1992 4293 Bruta—5
2031 4246 2158 4292 (ἔσο.
2196 4245 2291 4294 Pio
2325 4240 2500 4303 legatis
2521 4240 2682 4289 Crev.
2702 4254 2770 4288 ex
2792 4238 3005 4288 emend.
3029 4238 3110 4288 Si·

888 4322 1014 4373 gon.
1054 4310 1185 4361 Coec.
1214 4308 1311 4359 Pio
1344 4310 1503 4372 legato
1541 4308 1763 4374 Doujat.
1829 4308 1962 4361 Mox
1993 4312 2156 4372 petere
2177 4324 2347 4376 pacm
2379 4309 2619 4371 ceperunt
2641 4304 2790 4356 Vnst.
2809 4313 2866 4355 et
2889 4304 3109 4357 (iud.—
