3267 5250
1071 479 1474 532 munorum
1525 481 1743 530 mvn.
2324 466 2503 534 m

279 621 500 708 pania
523 621 792 702 militat,
813 622 1070 688 amisso
1100 630 1292 708 patre
1323 621 1527 702 Gala,
1555 621 1641 688 de
1666 638 1875 706 regno
1900 621 2273 690 exciderat.
2330 621 2505 702 Quo·

281 747 414 811 per
443 726 695 792 bellum
725 745 915 810 saepe
948 725 1266 810 repetito,
1315 727 1576 812 aliquot
1612 725 1867 810 praeliis
1906 744 1948 790 a
1988 723 2307 810 Syphace
2343 744 2499 810 rege

283 828 741 894 Numidarum
768 829 1015 906 victus,
1038 829 1110 893 in
1127 836 1350 894 totum
1376 831 1680 913 privatus
1710 835 1859 894 estz
1906 833 1975 894 et
2005 847 2157 894 cum
2187 827 2501 896 ducentis

281 931 629 1016 equitibus
659 932 824 996 exul
851 931 1168 1016 Scipioni
1201 951 1280 998 se
1300 931 1534 1017 junxit
1559 952 1578 1014 3
1621 935 1693 998 et
1720 951 1875 998 cum
1906 951 1989 996 eo
2018 931 2235 1015 primo
2265 931 2503 998 statim·

279 1033 472 1098 bello
516 1032 928 1098 Hannonem
977 1033 1397 1100 Hamilcaris
1437 1033 1649 1098 filium
1699 1054 1853 1100 cum
1894 1034 2125 1116 ampla
2166 1052 2367 1097 manu
2393 1033 2495 1097 in-

281 1135 570 1200 teremit.
659 1136 916 1220 Scipio,
974 1136 1264 1202 adventu
1325 1135 1792 1202 Hasdrubalis
1842 1140 1912 1200 et
1960 1134 2329 1220 Syphacis,
2379 1135 2498 1218 qui

279 1255 504 1322 prope
533 1257 690 1302 cum
717 1245 990 1302 centum
1029 1239 1336 1303 millibus
1377 1244 1787 1302 armatorum
1828 1243 2160 1314 venerant,
2194 1239 2281 1302 ab
2314 1239 2495 1302 obsi-

279 1341 482 1404 dione
511 1339 741 1404 Uticae
770 1339 1128 1424 depulsus,
1167 1340 1468 1425 hyberna
1509 1331 1992 1405 communivit.'
2058 1339 2497 1423 Sempronius

281 1441 527 1506 consul
557 1443 628 1506 in
657 1459 817 1524 agro
845 1441 1271 1508 Crotoniensi
1314 1460 1641 1524 prospere
1680 1441 2003 1506 adversus
2030 1441 2497 1508 Hannibalem
2588 1442 2595 1448 '

281 1545 631 1626 pugnavit.
720 1545 1036 1610 Lustrum
1089 1565 1134 1610 a
1186 1545 1580 1610 censoribus
1637 1544 1989 1610 conditum
2048 1551 2169 1608 est.
2262 1543 2499 1609 Censa

282 1651 446 1710 sunt
489 1647 740 1712 civium
784 1649 1017 1732 capita
1049 1649 1348 1714 ducenta
1388 1647 1895 1731 quatuordecim
1918 1653 1944 1684 ²
1988 1647 2223 1712 millia.
2308 1645 2496 1712 Inter

283 1767 624 1826 censores,
651 1749 754 1814 M.
796 1749 1068 1816 Livium
1097 1759 1172 1815 et
1198 1748 1562 1815 Claudium
1595 1748 1963 1826 Neronem,
2003 1748 2328 1814 notabilis
2359 1748 2493 1812 dis-

278 1850 515 1916 cordia
541 1851 693 1916 suit.
784 1851 970 1916 Nam
1013 1859 1082 1918 et
1108 1851 1434 1918 Claudius
1479 1851 1679 1917 Livio
1717 1851 2001 1934 collegae
2046 1869 2291 1936 equum
2332 1850 2497 1916 ade·

275 1953 422 2030 mit,
454 1953 638 2038 quod
670 1974 713 2019 a
739 1955 1001 2040 populo
1031 1955 1383 2021 damnatus
1423 1961 1755 2037 actusque
1792 1953 1859 2018 in
1900 1953 2185 2018 exilium
2228 1953 2445 2018 suerat
2472 1970 2495 2032 ς

279 2062 344 2122 et
371 2055 614 2125 Livius
637 2057 960 2139 Claudio,
992 2061 1178 2146 quod
1203 2061 1449 2126 falsum
1477 2061 1548 2125 in
1579 2079 1657 2124 se
1686 2057 2149 2123 testimonium
2174 2055 2495 2130 dixisset,

281 2165 349 2224 et
375 2161 566 2244 qnod
595 2181 726 2227 non
743 2171 764 2210 ³
807 2164 994 2244 bona
1020 2163 1154 2228 fide
1205 2183 1442 2230 secum
1483 2164 1554 2227 in
1579 2163 1869 2244 gratiam
1898 2159 2206 2224 redisset.
2294 2155 2493 2222 Idem

280 2280 514 2328 omnes
545 2265 784 2345 tribuS,
825 2272 1024 2331 extra
1063 2287 1288 2344 unam,
1334 2266 1612 2332 aerarias
1656 2263 1955 2346 reliquit,
1986 2258 2170 2345 quod
2198 2266 2267 2326 et
2294 2260 2493 2323 inno-

280 2371 544 2430 centem
583 2387 660 2432 se
706 2367 1166 2448 damnassent,
1203 2374 1275 2434 et
1316 2375 1562 2454 postea
1609 2365 1958 2432 consulem
2007 2378 2489 2445 censoremque

277 2465 628 2534 fecissent.
975 2491 980 2496 ·

1199 2572 1236 2594 O
1475 2569 1569 2590 ”0⁴

281 2680 416 2733 eod.
449 2684 648 2736 babent
688 2698 778 2751 pn
816 2686 1234 2749 Gemma—2
1269 2687 1550 2746 Quindecim
1587 2685 1753 2737 Gron.
1800 2683 2017 2747 Doujat.
2061 2682 2216 2733 cm.
2280 2680 2345 2731 In
2383 2686 2493 2731 vet.

279 2747 535 2863 {bivand
557 2752 739 2817 Sigon·
759 2753 954 2818 legitur
973 2754 1230 2817 sexaginta
1249 2754 1570 2819 quinqua-3
1605 2750 1815 2802 Minime
1835 2764 1930 2815 pro
1962 2763 2055 2799 nen
2089 2746 2253 2798 (δι-οη.
2276 2744 2493 2809 Doujat.

1129 3084 1316 3152 LIB.
1373 3084 1657 3152 XXX.

363 3264 446 3331 In
473 3266 719 3335 'Africa
761 3268 1000 3353 Scipio
1031 3266 1626 3355 Carthaginienses
1648 3275 1739 3335 ··et
1780 3268 2065 3334 eundem
2109 3222 2489 3353 Syphacem

283 3366 728 3437 Numidarum
759 3391 980 3455 regem
1010 3370 1647 3459 Hasdrubalemque
1670 3371 1981 3458 pluribus
2011 3370 2269 3455 praeliis
2299 3366 2490 3443 vicit,
2598 3444 2613 3451 -

283 3470 640 3555 adjuvante
671 3473 1068 3553 Masinissa,
1113 3475 1415 3563 binaque
1447 3477 1745 3543 hostium
1776 3480 2004 3539 castra
2034 3468 2488 3557 expugnavit3

281 3573 346 3637 in
389 3576 642 3658 quibus
684 3576 1132 3660 quadraginta
1171 3580 1389 3646 millia
1423 3580 1767 3645 hominum
1810 3577 1981 3641 ferro
2024 3576 2297 3659 ignique
2328 3588 2488 3637 con-

282 3687 502 3741 sumta
527 3685 706 3745 sunt.
765 3679 1150 3765 Syphacem
1173 3702 1290 3766 per
1313 3683 1392 3749 C.
1412 3682 1699 3749 Laelium
1723 3688 1793 3745 et
1816 3678 2259 3746 Masinissam
2281 3674 2489 3759 cepit«

279 3774 660 3844 Masinissa
678 3780 1204 3865 Sophonisbam,
1237 3804 1516 3851 uxorem
1540 3782 1899 3869 Syphacis,
1930 3781 2141 3847 filiam
2174 3776 2485 3843 Hasdru-

275 3876 472 3957 balis,
505 3888 782 3965 captam
821 3883 1048 3949 statim
1083 3885 1488 3965 adamavit,⁴
1527 3891 1617 3964 et,
1644 3886 1907 3969 nuptiis
1948 3880 2173 3959 factis,
2202 3896 2485 3945 uxorem

277 3978 538 4046 habuit.
625 3982 1070 4069 Castigatus⁵
1115 4007 1160 4053 a
1203 3988 1526 4075 Scipione
1574 4007 1901 4079 yenenum
1960 3986 2025 4050 ei
2069 3982 2306 4049 misit:
2350 3998 2486 4065 quo

274 4078 517 4149 hausto
543 4084 667 4152 illa
697 4086 1008 4155 decessit.
1096 4090 1567 4177 Effectumque
1597 4098 1701 4158 est
1726 4091 1955 4157 multis
1978 4084 2323 4171 Scipionis
2344 4084 2487 4149 vic-

1193 4270 1564 4295 OMWOOO

349 4348 383 4396 4
409 4342 623 4419 Adeunt
646 4348 880 4403 Gronov.
901 4350 1216 4419 Dorum—5
1254 4356 1630 4423 caum-uque
1650 4354 1889 4409 Gronov.
1906 4347 2131 4415 Donjat.
2152 4346 2307 4399 Crev.
2357 4343 2486 4395 be
