3267 5250
768 471 945 538 5936
1657 495 1668 504 ·
1701 485 2054 538 uria-orm

772 631 1067 710 crimine,
1112 629 1195 696 P.
1226 628 1527 706 meins,-
1550 634 1825 697 secutus
1867 629 2248 715 exemplum
2299 633 2532 715 patris,
2567 631 2842 698 devovit
2889 653 2960 698 se

771 753 898 818 pro
946 733 1271 810 exercitu,
1308 738 1375 797 et
1415 737 1625 796 morte
1673 751 1799 798 sua
1847 732 2192 798 victoriam
2236 732 2384 816 ejus
2432 753 2674 818 pugnae
2717 735 2964 818 populo

676 821 684 830 ⁸
772 834 1089 901 Romano
1135 834 1346 900 dedit.
1456 833 1778 918 Papirius
1829 832 2084 899 Cursor
2133 835 2528 902 Samnitium
2579 838 2964 912 exercitum,

772 939 894 1023 qui
925 937 1362 1023 jurejurando
1406 937 1791 1015 obstrictus,
1844 957 1978 1020 quo
2013 935 2267 1020 majore
2297 938 2682 1004 constantia
2713 939 2968 1004 virtutis

768 1046 1113 1125 pugnaret,
1144 1040 1211 1104 in
1242 1039 1461 1104 aciem
1490 1038 2018 1117 descenderat,²0
2045 1038 2237 1105 fudit.
2328 1039 2593 1105 Census
2622 1049 2814 1107 actus
2842 1047 2967 1105 est.

771 1141 1086 1208 Lustrum
1138 1142 1505 1207 conditum.
1614 1140 1840 1207 Gensa
1891 1145 2044 1207 sunt
2093 1140 2348 1207 civium
2399 1143 2636 1226 capita
2684 1143 2972 1208 ducenta

773 1245 1123 1328 sexaginta
1158 1243 1291 1309 duo
1333 1243 1549 1309 millia
1590 1249 1658 1308 et
1691 1248 1996 1308 trecenta
2033 1243 2276 1328 viginti
2316 1243 2499 1311 duo.¹

1687 1407 1750 1429 Ν

772 1511 838 1558 20
871 1508 1119 1560 Astu-iem
1152 1511 1345 1570 suerat,
1380 1524 1470 1573 quo
1501 1507 1615 1571 πυρὶ.
1647 1514 1796 1558 eme.
1827 1510 2027 1560 virtutis
2045 1509 2099 1559 in
2118 1509 2268 1560 actm
2286 1511 2586 1560 descenderet
2607 1508 2725 1561 edd.
2751 1515 2873 1562 ante
2899 1508 2973 1557 Si·

773 1579 991 1637 gom—l
1028 1575 1139 1624 ‘Ex
1157 1576 1287 1625 Mas.
1310 1575 1413 1636 leg.
1436 1591 1478 1624 e.
1494 1577 1545 1623 d.
1563 1573 1871 1639 nepheg-‘nu
1889 1577 1982 1626 dae
2003 1591 2066 1626 nr.
2087 1581 2137 1626 et
2153 1580 2194 1625 t.
2213 1575 2412 1638 viginti.
2466 1575 2726 1626 Numerus
2751 1575 2818 1626 ab
2841 1574 2974 1625 Aldo

772 1645 1005 1691 mutatur
1026 1654 1093 1692 ex
1114 1639 1230 1690 Liv-
1253 1653 1310 1690 x.
1331 1637 1435 1690 4⁷!
1468 1639 1671 1704 Rupere.

1667 1903 1853 1971 LIB.
1920 1905 2066 1973 XI.

866 2090 1041 2156 Cum
1094 2091 1350 2157 Fabius
1396 2090 1662 2174 Gurges
1709 2090 1950 2156 consul
1995 2091 2172 2156 male
2224 2090 2590 2174 adversus²
2639 2091 2981 2158 Samnites

702 2263 719 2282 .
775 2201 1161 2278 pugnasset,
1190 2203 1258 2260 et
1288 2200 1565 2260 senatus
1597 2193 1685 2258 de
1723 2193 2128 2258 removendo
2162 2211 2245 2257 eo
2277 2195 2363 2258 ab
2397 2195 2700 2258 exercitu
2731 2203 2982 2274 ageret,

779 2293 1043 2361 Fabius
1076 2289 1667 2379 Maximus'pater,
1698 2296 2097 2378 deprecatus
2128 2295 2302 2359 hanc
2333 2295 2496 2360 filii³
2531 2297 2983 2378 ignominiam,

778 2417 863 2462 eo
914 2399 1211 2464 maxime
1258 2405 1562 2464 senatum
1602 2399 1847 2477 movit,
1888 2397 2063 2482 quod
2107 2399 2356 2462 iturum
2401 2419 2474 2462 se
2515 2398 2659 2462 filio
2688 2398 2983 2480 legatum

777 2499 1117 2584 pollicitus
1177 2507 1300 2577 est,
1360 2501 1557 2585 idque
1605 2500 1945 2584 praestitit.
2035 2499 2257 2583 Ejus*
2300 2501 2610 2564 consiliis
2656 2506 2723 2564 et
2772 2519 2986 2585 opera

779 2601 963 2669 filius
1002 2603 1240 2669 consul
1281 2603 1579 2688 adjutus,
1617 2603 1818 2669 caesis
1859 2601 2306 2682 Samnitibus,
2346 2602 2812 2687 triumphavit.
2908 2601 2985 2667 C.

781 2704 1132 2784 Pontium,
1191 2708 1662 2790 imperatorem
1723 2706 2145 2782 Samnitium,
2198 2706 2471 2772 ductum
2525 2708 2593 2770 in
2648 2704 2986 2790 triumpho

780 2808 1001 2873 securi
1034 2810 1393 2894 percussit.
1480 2808 1652 2875 Cum
1695 2808 1942 2873 civitas
1985 2808 2376 2892 pestilentia
2406 2808 2764 2885 laboraret,
2793 2806 2988 2880 missi

782 2909 1033 2993 legati,5
1076 2918 1157 2977 ut
1184 2911 1566 2994 AEsculapii
1602 2912 1865 2993 signum
1908 2910 2198 2975 Romam
2247 2912 2334 2975 ab
2381 2910 2731 2994 Epidauro
2772 2917 2986 2974 trans-

780 3011 1043 3089 ferrent,
1077 3034 1381 3097 anguem,
1426 3016 1543 3098 qui
1584 3034 1658 3078 se
1701 3015 1765 3078 in
1798 3032 2042 3079 navem
2071 3030 2296 3077 eorum
2331 3009 2722 3090 contulerat,
2749 3012 2820 3075 in
2854 3031 2988 3097 quo

780 3116 1007 3198 ipsum
1046 3134 1289 3180 numen
1335 3134 1493 3179 esse
1534 3115 1906 3191 constabat,
1943 3116 2412 3197 deportavere:
2458 3115 2677 3197 eoque
2707 3114 2776 3179 in
2805 3114 2990 3179 insu-

782 3217 917 3282 lam
947 3216 1213 3281 Tiberis
1244 3237 1530 3298 egresso,
1574 3217 1810 3283 eodem
1843 3216 2001 3281 loco
2033 3216 2221 3282 aedes
2243 3215 2272 3256 ⁶
2321 3216 2726 3300 AEsculapio
2755 3234 2990 3281 conse-

784 3326 970 3384 crata
1002 3324 1123 3383 est.
1210 3318 1293 3382 L.
1324 3317 1718 3383 Postumius
1751 3319 2152 3397 consularis,
2177 3320 2522 3404 quoniam,
2549 3338 2703 3384 cum
2727 3318 2988 3383 exerci-

786 3421 889 3485 tui
920 3427 1273 3505 praeesset,
1305 3440 1511 3503 opera
1540 3422 1828 3485 militum
1878 3422 1944 3485 in
1977 3440 2138 3504 agro
2168 3440 2292 3486 suo
2324 3442 2487 3487 usus
2518 3428 2680 3499 erat,
2710 3421 2990 3486 damna-

786 3527 901 3587 tus
930 3529 1057 3588 est.
1144 3521 1314 3587 Cum
1346 3523 1760 3588 Samnitibus
1798 3544 2034 3607 pacem
2067 3524 2462 3607 petentibus
2491 3523 2717 3588 foedus
2749 3531 2994 3607 quarto

783 3631 1169 3690 renovatum
1200 3632 1321 3692 est.
1401 3625 1646 3691 Curius
1669 3626 2000 3691 Dentatus
2033 3625 2291 3705 consul,
2318 3626 2734 3691 Samnitibus
2757 3614 2991 3703 caesis,

788 3732 857 3793 et
888 3728 1187 3806 Sabinis,
1230 3730 1347 3813 qui
1395 3729 1903 3807 rebellaverant,
1943 3730 2166 3806 victiS,
2209 3736 2276 3793 et
2319 3730 2388 3791 in
2430 3727 2831 3793 deditionem
2878 3748 2992 3793 ac-

788 3831 1031 3915 ceptis,
1088 3832 1197 3896 bis
1245 3832 1315 3895 in
1372 3832 1604 3897 eodem
1657 3834 2054 3915 magistratu
2112 3829 2570 3916 triumphavit.
2684 3828 2992 3896 Coloniae

790 3931 1093 3999 deductae
1124 3942 1305 4012 sunt,
1334 3933 1672 4011 Castrum,
1713 3934 1916 4013 Sena,
1958 3935 2244 4000 Hadria.
2329 3932 2692 3999 Triumviri
2735 3934 2994 4016 capita-

1703 4124 2081 4147 ‘amnne‘

854 4244 888 4291 2
922 4241 1187 4292 Aduersu-
1209 4241 1375 4293 Gron.
1397 4244 1616 4304 Doujat.
1640 4244 1892 4294 cren-8
1927 4244 2036 4295 Sibi
2060 4257 2154 4307 pro
2173 4242 2283 4307 flue·
2302 4242 2496 4291 babent
2519 4242 2753 4293 ende-⁴
2787 4242 2998 4291 Pmntt'·

791 4304 873 4355 tit.
938 4308 1097 4371 Atque
1130 4307 1227 4367 eju
1261 4308 1415 4357 Crem
1482 4308 1752 4367 Protulit,
1784 4314 1926 4373 atque
1957 4310 2054 4369 eius
2095 4308 2406 4368 Doujat.-——5
2441 4308 2612 4357 Minis
2637 4306 2810 4369 tegatis
2832 4306 2997 4355 Gron.

791 4370 1016 4437 Doujat.
1040 4372 1293 4424 Crem—6
1325 4373 1476 4424 Sedes
1514 4372 1650 4424 eaed.
1717 4374 1845 4423 Mox
1881 4374 2156 4439 AEsculapio
2189 4374 2450 4424 constituta
2485 4380 2555 4425 eat
2591 4374 2802 4436 Doujn.
2835 4371 2995 4420 Crev.
