3267 5250
1190 471 1687 524 pumannu-
2363 454 2544 524 ⁶919

329 617 579 683 mentis
609 615 848 704 erupit,
878 634 1085 701 quam
1112 617 1351 684 consul
1378 617 1451 684 vi
1480 623 1779 702 captam,
1828 615 2181 682 trucidatis
2211 615 2430 702 quiin
2457 637 2544 686 ea

329 721 797 800 constiterant,
855 726 1153 786 reservat
1208 720 1295 786 ad
1354 739 1672 806 pugnam.
1769 717 1909 784 Sed
1967 719 2310 806 oppidani,
2359 720 2544 788 sicut

326 823 583 907 quibus
610 841 791 888 curae
821 823 1145 908 pusillum
1190 824 1427 900 inerat,
1474 823 1545 888 in
1590 820 1764 890 diem
1811 819 2092 888 alterum
2137 823 2544 889 umbonibus

326 924 648 990 helluatis
698 943 963 1010 paucos
1013 924 1296 1011 fugaces
1343 923 1696 1004 invadunt,
1741 923 2290 1009 elephantemque
2322 925 2545 992 omine

322 1027 592 1094 meliori
637 1035 1011 1114 receptant,
1040 1039 1137 1096 .et
1180 1029 1451 1108 Allifas,
1496 1027 1777 1095 Rufium
1807 1025 2152 1114 quondam
2181 1027 2544 1110 vocitatas,

323 1129 415 1195 ab
472 1129 715 1198 dextro
764 1139 1090 1216 sequente
1145 1132 1485 1197 sinistrum
1538 1131 1842 1216 augurio,
1887 1149 2134 1198 nomen
2183 1130 2547 1216 imponunt

324 1235 615 1300 accolae.

408 1333 581 1395 Haec
627 1335 816 1397 verba
867 1336 998 1397 Liv.
1028 1351 1229 1406 lxxn.
1281 1342 1383 1397 18.
1430 1341 1492 1395 5.
1538 1343 1674 1416 post
1716 1332 1826 1394 illa
1865 1341 1884 1371 ‘
1923 1353 2098 1416 super
2131 1332 2364 1396 Allifas
2405 1333 2542 1398 loco

322 1429 455 1491 alto
490 1451 565 1494 ac
600 1435 829 1494 munito
868 1432 1167 1494 cousedit’
1210 1433 1429 1494 inserta
1465 1430 1585 1510 legi
1626 1431 1690 1492 in
1731 1427 1868 1492 cod.
1913 1429 2281 1492 Laudino‘l.
2311 1432 2544 1494 monuit

324 1527 607 1590 Hearne.
690 1529 925 1598 Eadem
950 1529 1343 1613 deprehendit
1366 1528 1682 1591 Drakenb.
1709 1529 1770 1589 in
1798 1527 1921 1590 Ms.
1949 1527 2392 1604 Recanatiano,
2431 1527 2544 1592 sed

320 1627 413 1686 sic
436 1627 711 1688 variata:

412 1723 508 1791 Et
536 1726 913 1812 reparando
942 1745 1335 1812 suggressus
1373 1723 1551 1792 haud
1581 1723 1800 1808 magis
1829 1719 2035 1788 Alifae
2092 1725 2340 1791 moenia
2383 1746 2544 1796 cum

327 1827 579 1913 palans
634 1830 1037 1914 perveniens
1100 1849 1193 1894 ex
1251 1827 1510 1913 oppido
1560 1827 1788 1892 bellua
1837 1821 2075 1892 conatii
2121 1845 2164 1893 a
2209 1825 2542 1898 Romanis

328 1931 581 2016 erupit,
628 1953 831 2018 quam
874 1933 1110 1998 consul
1149 1933 1219 1998 vi
1268 1937 1565 2016 captam,
1610 1929 1965 1999 trucidatis
2009 1931 2128 2014 qui
2173 1929 2243 1996 in
2270 1951 2354 2000 ea
2383 1953 2542 2000 con·

325 2033 661 2116 stiterunt,
692 2044 993 2102 reservat
1022 2034 1109 2101 ad
1139 2055 1455 2120 pugnam.
1548 2031 1689 2099 Sed
1718 2031 2064 2118 oppidani,
2119 2034 2298 2102 sicut
2343 2039 2541 2124 queis

324 2157 509 2204 curae
557 2138 883 2222 pusillum
911 2139 1129 2204 inerat
1168 2139 1240 2204 in
1280 2137 1461 2204 diem
1512 2135 1727 2202 altam
1775 2135 2178 2202 umbonibus
2222 2138 2540 2208 bellantis

322 2257 592 2323 paucos
634 2239 916 2324 fugaces
945 2240 1295 2318 invadunt,
1340 2239 1892 2325 elephantemque
1936 2239 2280 2307 meliorem
2309 2263 2542 2329 recep-

322 2348 493 2408 tant.
588 2342 675 2410 Et
724 2341 951 2410 Alisas
1006 2344 1317 2410 Rufrium
1364 2342 1710 2429 quondam
1761 2342 2098 2408 vocitatas
2155 2344 2244 2409 ab
2295 2343 2540 2414 dextro

321 2454 650 2528 sequente
666 2447 1164 2513 ·sinisteriorum
1196 2447 1480 2530 augurio
1510 2463 1755 2512 nomen
1784 2444 2143 2528 imponunt
2173 2447 2450 2514 accolas.

404 2543 831 2626 Fragmentum
854 2547 969 2608 hoc
996 2547 1257 2631 spurium
1292 2537 1419 2607 ὦσε
1452 2544 1780 2608 censebant
1812 2542 2032 2628 Cuper-
2069 2545 2147 2606 de
2184 2545 2541 2631 Elephantis

318 2642 383 2701 in
414 2640 704 2706 Numinis
728 2666 785 2707 c.
810 2654 872 2707 4.
916 2645 1192 2719 Hearne,
1223 2644 1537 2706 Drakenb.
1568 2640 1795 2704 Stroth.
1823 2651 1886 2703 et
1907 2642 2048 2704 alii:
2089 2642 2196 2705 sed
2221 2648 2541 2725 genuinum

322 2735 615 2799 Dodwell
662 2741 723 2800 in
761 2740 1049 2822 singulari
1087 2741 1315 2803 dissert.
1358 2758 1495 2822 quae
1527 2740 1712 2799 etiam
1751 2740 1810 2799 in
1847 2738 1993 2801 edit.
2037 2740 2196 2801 Livii
2223 2739 2539 2806 Drakenb.

318 2845 367 2897 t.
418 2853 555 2898 vn.
597 2859 657 2920 p.
696 2844 837 2900 182.
890 2860 981 2923 sq.
1024 2840 1333 2923 reperitur.
1417 2836 1497 2898 In
1540 2856 1613 2897 ea
1657 2836 1965 2919 explicare
2008 2836 2250 2918 quidem
2292 2849 2544 2903 conatur

318 2934 740 2995 obscurissima
766 2935 895 2997 haec
919 2937 1142 3008 νει-1ης
1185 2936 1291 2998 sed
1330 2935 1535 2997 multis
1570 2935 1838 3006 tentetis,
1863 2934 2105 2995 tandem
2131 2934 2440 3018 profitetur
2473 2959 2538 3000 se

316 3033 537 3105 vereri,
586 3051 663 3093 ne
697 3052 942 3114 operam
978 3032 1208 3107 luserit,
1245 3042 1309 3095 et
1340 3052 1463 3093 non
1498 3031 1694 3113 ipsum
1731 3030 1884 3097 forte
1917 3031 2177 3106 Livium,
2207 3032 2312 3095 sed
2337 3034 2536 3097 AEthi-

318 3148 499 3210 opem
524 3128 767 3191 lavarit.
1749 3200 1758 3207 ,

404 3226 495 3292 Τ.
527 3227 768 3293 Livius
795 3236 937 3295 tam
968 3228 1239 3314 iniquus
1271 3228 1595 3295 Sallustio
1624 3228 1778 3305 fuit,
1816 3233 1896 3292 nt
1923 3227 2100 3294 hanc
2127 3230 2352 3312 ipsam
2383 3251 2536 3298 sen-

317 3331 626 3412 tentiam,
678 3326 803 3395 Res
843 3328 1117 3395 secundae
1151 3330 1306 3395 mire
1349 3340 1497 3395 eunt
1536 3329 1709 3395 vitiis
1750 3326 2050 3409 obtentui,
2095 3336 2167 3395 et
2209 3339 2534 3419 tanquam

322 3434 751 3509 translatam,
794 3441 867 3499 et
912 3440 1233 3516 tanquam
1269 3439 1658 3517 corruptam
1707 3430 1864 3499 dum
1904 3431 2314 3513 transfertur,
2362 3435 2537 3520 obji-

321 3546 506 3601 ceret
536 3536 895 3603 Sallustio.
940 3537 945 3546 '
983 3534 1134 3603 Nec
1164 3536 1295 3603 hoc
1324 3554 1551 3603 amore
1580 3532 2001 3619 Thucydidis
2026 3533 2213 3617 facit,
2243 3540 2316 3602 ut
2339 3537 2534 3603 illum

319 3638 663 3723 praeferat.
749 3638 1035 3722 Laudat,
1065 3660 1265 3725 quem
1295 3659 1427 3706 non
1466 3638 1680 3711 timet,
1707 3643 1780 3701 et
1806 3635 2074 3702 facilius
2101 3642 2294 3721 putat
2329 3656 2535 3727 posse

320 3760 365 3806 a
392 3760 473 3806 se
494 3742 893 3808 Sallustium
923 3745 1126 3823 vinci,
1159 3745 1223 3810 si
1250 3750 1409 3811 ante
1436 3761 1481 3807 a
1498 3738 1898 3825 Thucydide
1924 3738 2252 3805 vincatur.

402 3840 641 3905 Seneca
668 3842 953 3907 Controv-
981 3862 1183 3907 xxlv.
2137 3882 2144 3893 ·

406 3940 493 4005 Τ.
526 3942 767 4008 Livius
816 3944 903 4008 de
947 3945 1351 4023 oratoribus,
1400 3940 1519 4026 qu‘i
1563 3940 1774 4005 verba
1819 3938 2096 4025 antiqua
2139 3944 2210 4004 et
2259 3938 2534 4008 sordida

320 4052 827 4123 consectantur,
858 4051 927 4113 et
948 4048 1277 4114 orationis
1306 4043 1794 4114 obscuritatem
1819 4042 2246 4109 severitatem
2264 4048 2534 4129 putant,

322 4148 579 4226 aiebat,
608 4146 989 4215 Miltiadem
1018 4149 1351 4217 rhetorem
1380 4148 1722 4232 eleganter
1744 4143 2004 4211 dixisse
2017 4143 2158 4209 'Dei
2184 4149 2276 4233 τῷ
2293 4145 2534 4227 πλησίον

321 4247 646 4331 minnan.
1148 4311 1153 4319 .

406 4350 643 4415 Seneca
669 4352 955 4416 controv.
983 4369 1154 4416 xxv.
