3267 5250
1195 527 1695 582 siracusa-ra.
2367 511 2547 582 dm?

337 677 633 767 quentiae
683 679 950 748 auditus
1005 679 1244 744 fuerat.
1329 677 1478 744 Vix
1536 675 1917 744 atffllentes
1964 672 2180 770 (prm)
2228 676 2544 764 lacrymis

337 784 574 850 oculos
603 783 908 849 homines
933 782 1183 848 intueri
1211 781 1548 846 trucidata·
1575 781 1876 846 membra
1900 779 2045 865 ejus
2075 785 2412 864 poterant.
2500 845 2511 858 ,

423 883 630 951 Vixit
661 899 800 950 tres
847 885 926 950 et'
965 884 1320 966 sexaginta
1365 903 1602 959 annos,
1652 891 1754 960 ut,
1796 883 1858 948 si
1902 885 2009 948 vis
2056 883 2410 964 abfuisset,
2456 903 2541 949 ne

337 988 696 1054 immatura
719 987 994 1072 quidem
1015 1006 1198 1052 mors
1231 987 1444 1052 videri
1465 988 1723 1072 possit:
1768 986 2105 1070 ingenium
2128 995 2195 1053 et
2215 975 2543 1072 operilius

335 1096 404 1156 et
441 1091 743 1176 praemiis
774 1109 1053 1176 operum
1094 1089 1308 1157 felix:
1351 1090 1504 1175 ipse
1549 1091 1844 1155 fortunae
1890 1089 2005 1154 diu
2054 1107 2425 1174 prosperoe,
2475 1095 2546 1156 et

333 1195 402 1261 in
429 1194 630 1279 longo
659 1197 886 1260 tenore
913 1193 1256 1258 felicitatis
1301 1195 1562 1276 magnis
1605 1194 1867 1258 interim
1913 1194 2089 1258 ictus
2129 1193 2545 1272 vulneribus,

335 1297 570 1377 exilio,
623 1297 820 1362 ruina
877 1298 1170 1381 partium
1229 1315 1356 1380 pro
1411 1297 1663 1380 quibus
1720 1303 2020 1376 steterat,
2094 1296 2257 1362 filiae
2308 1301 2544 1376 morte,

335 1401 533 1466 exitu
561 1411 703 1466 tam
732 1401 912 1464 tristi
945 1406 1149 1484 atque
1177 1399 1447 1463 acerbo.
1537 1397 1857 1463 Omnium
1890 1399 2325 1465 adversorum
2349 1397 2542 1477 nihil,

333 1509 411 1568 ut
438 1505 586 1570 viro
617 1503 890 1586 dignum
919 1510 1085 1582 erat,
1131 1503 1286 1569 tulit
1327 1510 1577 1587 proeter
1623 1510 1950 1586 mortem3
1995 1523 2149 1589 quae
2176 1521 2333 1568 vere
2367 1501 2545 1567 aesti·

333 1605 537 1671 manti
567 1607 785 1694 minus
829 1605 1104 1689 indigna
1141 1605 1352 1671 videri
1399 1605 1642 1689 potuit,
1692 1607 1873 1690 quod
1907 1627 1949 1672 a
1977 1609 2233 1673 victore
2265 1605 2542 1671 inimico

335 1709 430 1774 nil
485 1710 821 1775 crudelius
868 1729 1118 1796 passus
1177 1716 1340 1789 erat,
1399 1729 1598 1794 quam
1660 1710 1844 1793 quod
1902 1711 2200 1794 ejusdem
2252 1706 2539 1773 sortunae

336 1832 622 1898 compos
652 1815 802 1897 ipse
829 1812 1126 1880 fecisset.
1212 1812 1290 1877 Si
1318 1813 1472 1898 quis
1513 1819 1746 1878 tamen
1785 1813 2143 1878 virtutibus
2172 1809 2346 1877 vitia
2373 1829 2539 1895 pen-

337 1915 524 1993 sarit,
552 1916 656 1982 vir
687 1935 986 1998 magnus,
1009 1936 1187 1994 acet,
1213 1917 1673 1982 memorabilis
1701 1915 1851 1995 fuit,
1882 1923 1950 2000 et
1979 1915 2049 1980 in
2078 1915 2279 2001 cujus
2300 1912 2541 1980 laudes
2592 1919 2607 1932 ⁰

333 2019 839 2104 persequendas
862 1997 1193 2085 Cicerone
1223 2020 1573 2085 laudatore
1604 2040 1783 2103 opus
1813 2019 2038 2084 fuerit.

415 2118 510 2180 M.
540 2119 773 2182 Seneca
796 2119 1036 2182 Suasor.
1067 2135 1194 2182 vn.
1242 2119 1344 2181 Cf.
1375 2118 1566 2181 Gron.
1598 2118 1902 2187 Obss.,1v.
1930 2126 2029 2180 13.
2062 2140 2121 2200 p.
2148 2123 2293 2180 213.

1080 2315 1186 2368 AD
1235 2319 1383 2368 mn.
1431 2318 1785 2368 cxxxln.

423 2437 664 2504 Livius
691 2437 911 2518 refert,
941 2437 1402 2526 Cleopatram,
1433 2460 1585 2505 cum
1618 2441 1709 2504 ab
1738 2440 2056 2520 Augusto
2086 2443 2292 2534 capta
2318 2435 2539 2503 indul-

333 2541 596 2624 gentius
647 2542 731 2607 de
775 2541 1102 2609 industria
1126 2549 1547 2622 tractaretur,
1576 2540 1935 2608 identidem
1978 2539 2201 2606 dicere
2250 2539 2540 2619 solitam,

333 2648 394 2707 οὐ
424 2644 902 2729 θριαμβεύσομαι,
931 2667 1062 2713 non
1094 2648 1284 2713 trium
1289 2646 1575 2732 phabor.
1656 2682 1665 2689 ·

415 2746 644 2821 Acron,
689 2748 1052 2829 Porphyrio,
1093 2758 1158 2810 et
1200 2756 1631 2810 commentator
1672 2755 1843 2810 vetus
1886 2745 2141 2829 Cruquii
2184 2743 2263 2804 ad
2312 2742 2537 2807 Horat.

336 2846 460 2909 od.
487 2866 537 2914 1.
567 2856 668 2915 37.
695 2856 795 2912 30.
839 2849 939 2911 Cf.
971 2847 1132 2909 Flor.
1161 2862 1258 2911 lv.
1285 2854 1386 2907 11.
1413 2854 1567 2907 extr.

513 3113 653 3176 111.
712 3109 1134 3177 INOERTA
1177 3110 1306 3171 Ex
1350 3106 1709 3176 QUIBUS
1750 3104 1993 3169 LIVII
2037 3102 2351 3168 LIBRIS

1063 3220 1508 3287 DESUMTA
1552 3220 1792 3285 SINT.

419 3396 548 3464 Vir
575 3398 826 3483 ingenii
850 3398 1074 3481 magni
1101 3398 1343 3483 magis,
1377 3414 1584 3482 quam
1613 3392 1798 3463 boni.

414 3498 650 3562 Seneca
669 3500 746 3561 de
771 3500 877 3561 Ira
903 3517 954 3563 1.
983 3506 1083 3563 16.

420 3598 776 3680 Profiteor,
819 3598 1044 3665 mirari
1095 3618 1234 3676 me,
1284 3597 1373 3662 T.
1425 3594 1721 3671 Livium,
1792 3596 2131 3656 auctorem
2177 3582 2539 3653 celeberri-

331 3722 538 3781 mum,
569 3704 637 3768 in
657 3704 1088 3769 historiarum
1111 3718 1402 3779 suarum,
1434 3716 1608 3783 quas
1639 3695 1881 3779 repetit
1901 3695 1990 3759 ab
2015 3691 2273 3773 origine
2303 3686 2532 3762 Urbis,

332 3806 622 3889 quodam
685 3806 1027 3872 volumine
1087 3804 1190 3871 sic
1247 3818 1560 3869 exorsum
1593 3818 1612 3864 τ
1684 3798 1868 3864 Satis
1912 3796 2054 3881 jam
2116 3792 2248 3857 sibi
2302 3790 2532 3871 gloriae

332 3910 712 3993 quaesitum,
733 3917 805 3974 et
825 3908 1134 3993 potuisse
1159 3894 1591 3983 sedesinere,
1615 3903 1685 3967 ni
1710 3902 1977 3966 animus
1997 3894 2264 3982 inquies
2294 3908 2533 3977 pasce-

332 4018 514 4091 retur
541 4032 766 4096 opere.

415 4112 583 4175 Plin.
611 4114 672 4173 in
701 4112 954 4173 Praefat.
979 4110 1089 4171 lib.
1119 4126 1167 4171 1.
1211 4108 1383 4171 Hist.
1410 4106 1568 4169 Nat.

416 4209 502 4277 T.
533 4211 775 4277 Livius
803 4230 886 4277 ac
909 4210 1154 4295 Nepos
1174 4208 1526 4277 Cornelius
1555 4200 1941 4271 latitudinis
1964 4196 2151 4285 (freti
2172 4190 2539 4277 Gaditani)

335 4312 776 4394 tradiderunt,
826 4314 950 4379 ubi
990 4312 1359 4388 minimum,
1414 4314 1677 4395 septem
1716 4305 1945 4373 -millia
1987 4319 2357 4389 passuum3
2416 4298 2534 4363 nbi

335 4436 494 4482 vero
521 4417 909 4501 plurimum,
941 4412 1184 4480 decem
1207 4410 1448 4477 millia.

417 4518 584 4580 Plin.
623 4515 878 4579 Praefat.
905 4516 1011 4579 lib.
1049 4530 1162 4577 111.
1203 4512 1376 4575 Hist.
1403 4510 1564 4573 Nat.
