3267 5250
839 527 1018 594 5970

1784 539 2135 589 murman

787 737 794 746 .
841 675 1130 745 Miserat
1175 677 1358 744 enim
1415 675 1508 743 nd
1557 673 2153 782 Carthaginienses
2214 672 2645 758 legationem,
2706 675 2775 737 et
2822 671 2915 736 ab
2962 670 3039 734 iis

1832 863 2053 918 1101·AE

829 979 920 1045 jus
942 979 1068 1032 illud
1087 997 1104 1032 ι
1137 980 1216 1032 ita
1236 987 1412 1032 tamen
1433 988 1514 1040 nt,
1547 989 1673 1034 aute
1698 983 1904 1048 Augus-

841 1063 974 1120 tum,
997 1057 1131 1108 bona
1152 1065 1358 1108 tantum
1379 1057 1485 1110 fide
1505 1058 1733 1109 heredis
1756 1059 1901 1110 insti·

839 1134 945 1184 tuti
969 1135 1239 1186 niteretur.
1305 1135 1516 1187 Etenim
1553 1136 1598 1186 si
1633 1143 1790 1201 pater
1812 1150 1904 1186 ex·

837 1219 1082 1260 traneum
1115 1211 1378 1262 heredem
1406 1213 1725 1276 scripsisset,
1762 1219 1825 1264 nt
1858 1213 1903 1262 is

835 1281 959 1337 finan
985 1287 1252 1338 testatoris
1285 1288 1589 1338 restitueret
1621 1287 1904 1337 heredita-

837 1367 968 1420 tem,
1007 1362 1243 1420 dandum,
1269 1363 1338 1414 ab
1369 1363 1577 1414 herede
1609 1363 1733 1414 tilio
1764 1361 1901 1429 qnod

840 1437 906 1486 ad
933 1452 1048 1489 eam
1065 1439 1182 1503 lege
1203 1437 1435 1490 Voconia
1453 1440 1731 1504 pervenire
1754 1448 1902 1504 pote-

837 1521 922 1566 rat
965 1515 1257 1581 prudentes
1297 1515 1597 1566 censebant.
1684 1515 1899 1567 Partem

835 1607 971 1655 eam,
1009 1591 1282 1643 fatendum
1323 1593 1533 1643 omuino
1575 1598 1675 1654 est,
1712 1593 1901 1642 saltem

836 1667 1014 1726 fuisse,
1033 1685 1152 1735 qnae
1173 1668 1243 1719 ad
1266 1667 1383 1720 filie
1407 1669 1586 1722 dotem
1610 1667 1899 1728 sufficeret,

821 1744 947 1809 jure
981 1745 1360 1810 quodammodo
1385 1753 1584 1797 natura
1606 1760 1640 1797 a
1668 1745 1897 1812 parenti·

834 1821 932 1872 bus
955 1821 1214 1872 debiturus
1248 1823 1359 1887 ejus
1397 1837 1524 1874 vero
1549 1823 1901 1890 quantitatem

829 1898 954 1948 olim
990 1897 1167 1948 decies
1199 1905 1425 1950 centena
1461 1901 1765 1950 sestertium
1788 1900 1900 1950 aiil-

833 1973 908 2024 lia
931 1989 1032 2025 non
1051 1973 1206 2026 facile
1228 1990 1570 2041 exsuperasse
1592 1976 1901 2042 conjiciunt,

833 2064 938 2100 nou
967 2051 1062 2101 abs
1097 2064 1178 2112 re,
1212 2052 1458 2116 anacins
1488 2052 1697 2118 aliique,
1717 2053 1897 2106 exilio

835 2126 1067 2188 Satiricl,
1087 2128 1104 2156 ‘
1121 2128 1224 2178 ritu
1249 2127 1426 2178 decies
1457 2135 1680 2180 centena
1702 2128 1899 2179 dabun-

833 2209 923 2254 tnr
943 2205 1158 2270 antiqno
1175 2203 1208 2254 ε’
1237 2219 1353 2269 qun
1377 2219 1578 2256 summa
1601 2207 1691 2256 vix
1712 2206 1897 2258 decem

829 2279 1078 2330 librarum
1101 2281 1466 2332 Francicarnm
1489 2283 1656 2333 millia
1674 2283 1899 2334 excede·

831 2353 956 2406 bate
991 2364 1188 2421 quanta
1209 2370 1390 2420 regum
1411 2357 1673 2422 quondam
1694 2367 1897 2409 nostro·

835 2443 948 2481 rum
987 2429 1122 2482 filias
1161 2433 1400 2496 nupsisse
1437 2433 1674 2496 legimus·
1740 2433 1897 2488 Quod

832 2508 875 2557 si
897 2507 1012 2572 quis
1034 2514 1238 2572 partem
1263 2509 1400 2558 illam
1425 2507 1545 2560 filia
1565 2509 1899 2576 assignatam,

829 2581 1152 2635 hereditatis
1198 2583 1491 2647 quadrante
1535 2587 1899 2649 estimandum

832 2660 1056 2711 senserit
1074 2675 1143 2710 ex
1166 2662 1429 2713 sententia
1465 2670 1545 2715 tot
1576 2662 1897 2715 doctissimo-

829 2750 942 2787 rum
955 2736 1775 2801 jumriseousnltoru‚tantundem
1788 2758 1899 2793 me·

831 2812 1046 2865 lieribns
1088 2816 1412 2879 generaliter
1466 2818 1899 2882 attribuentium3

829 2890 1034 2942 duobus
1073 2894 1392 2957 argumentis
1435 2893 1502 2943 ad
1539 2908 1655 2945 eam
1688 2894 1897 2947 firmau-

829 2970 946 3017 darn
969 2968 1328 3031 conjecturam
1364 2970 1560 3034 poterit
1583 2970 1681 3019 uti.
1746 2970 1896 3021 Alte-

829 3058 941 3093 rum
975 3044 1390 3109 suppeditabunt
1411 3047 1500 3097 lex
1524 3047 1781 3110 Falcidia,
1802 3048 1896 3099 Se·

827 3120 1276 3169 natuscousultum
1321 3120 1673 3185 Pegasiauum
1726 3123 1895 3195 (quod

826 3195 1150 3247 justinianus
1174 3196 1228 3245 in
1249 3196 1637 3249 Trebellianum
1669 3198 1894 3250 transfu-

825 3268 957 3333 dit),
997 3270 1266 3345 Legitima
1295 3272 1454 3335 ratio,
1489 3282 1546 3323 et
1579 3276 1895 3340 rescriptum

829 3347 1080 3397 Antonini
1101 3346 1224 3396 Pii:
1259 3362 1474 3414 quornm
1499 3350 1697 3414 jurium
1721 3352 1896 3416 priora

827 3422 931 3483 duo
966 3422 1184 3489 heredi,
1225 3424 1436 3474 tertium
1471 3425 1614 3489 filiis,
1652 3435 1891 3493 quartum

825 3500 1082 3563 impuberi
1107 3508 1370 3565 arrogem,
1400 3500 1649 3552 bonorum
1688 3504 1893 3568 patrisf.

825 3586 1028 3641 partem
1072 3584 1314 3643 quartam
1365 3584 1661 3628 servarunt.
1750 3580 1893 3633 Qua·

826 3660 1045 3717 propter
1075 3666 1182 3703 non
1217 3652 1426 3703 omniuo
1449 3654 1793 3715 improbdfile
1816 3656 1891 3706 vl-

825 3730 940 3780 deri
963 3737 1156 3795 potest,
1179 3730 1348 3781 simile
1371 3728 1496 3795 quid
1519 3730 1637 3794 lege
1656 3732 1894 3785 Voconia

820 3803 982 3857 fuisse
1005 3806 1366 3869 constitutum,
1387 3806 1522 3871 quod
1546 3807 1613 3857 ad
1633 3808 1765 3857 alias
1784 3824 1889 3861 nou

823 3884 1165 3933 abhorrentes
1204 3883 1518 3948 hypotheses
1563 3888 1894 3949 porrexerint

823 3959 1041 4023 posteri.
1105 3958 1290 4011 Altera
1331 3962 1471 4009 ratio
1508 3962 1671 4025 magis
1706 3961 1893 4027 adrip-

821 4050 936 4085 snm
979 4036 1202 4087 Voconii
1255 4036 1590 4102 plebiscitum
1638 4037 1892 4092 refertur.

821 4110 947 4163 Peti
969 4127 1032 4161 ea
1061 4114 1240 4177 potest
1269 4128 1334 4163 ex
1359 4114 1669 4167 Quintiliani
1696 4116 1892 4167 Decla-

821 4197 949 4240 mat.
967 4192 1084 4240 ΞΜ.
1111 4190 1196 4254 qui
1219 4186 1455 4239 fraudem
1481 4190 1613 4253 legis
1634 4192 1887 4243 Voconio

824 4273 996 4327 vocat,
1037 4264 1241 4315 mulieri
1295 4266 1566 4331 plusquam
1614 4265 1886 4318 dimidiam

821 4349 1028 4406 partem
1053 4340 1302 4390 bonorum
1325 4340 1472 4390 dare.
1537 4342 1620 4391 Ex
1642 4358 1745 4408 qno
1764 4358 1887 4395 cou-

819 4416 908 4468 fici
933 4422 1110 4483 posset
1130 4430 1192 4466 ea
1212 4416 1329 4479 lege
1349 4416 1416 4467 ad
1433 4417 1698 4471 semissem
1722 4436 1885 4487 usque

1976 980 2231 1032 bonorum
2272 979 2579 1044 permissum
2614 975 2779 1030 fuisse
2814 975 2941 1028 filia
2964 990 3041 1025 re·

1976 1058 2235 1123 linquere,
2256 1065 2351 1108 ant
2372 1057 2531 1108 etiam
2554 1055 2756 1106 mulieri
2780 1055 2971 1104 alteri:
3000 1054 3041 1102 si

1974 1129 2117 1182 forte
2150 1133 2327 1200 legum
2348 1133 2494 1184 scitis
2514 1137 2754 1182 accurate
2786 1130 3041 1180 inherere

1976 1209 2119 1260 soliti
2166 1219 2347 1261 essent
2377 1209 2775 1259 declamatores.
2844 1205 3043 1255 Verum

1976 1298 2087 1336 rem
2124 1285 2281 1336 aliter
2316 1300 2375 1336 se
2406 1283 2627 1347 babere,
2654 1283 2709 1332 iu
2746 1283 2846 1332 bae
2880 1281 3043 1346 hypo-

1976 1358 2111 1410 thesi
2132 1359 2367 1410 ostendit
2382 1359 2520 1426 quod
2537 1357 2676 1424 apud
2698 1357 2923 1408 Dionem
2942 1357 3045 1406 Au·

1974 1443 2178 1501 gestus,
2202 1437 2354 1487 Livia
2372 1451 2537 1487 uxore
2572 1450 2641 1486 ea
2674 1425 2879 1490 triente'
2896 1433 3043 1484 insti-

1974 1519 2107 1577 tuta,
2140 1512 2447 1578 impetravit
2468 1527 2503 1562 ι
2522 1518 2729 1567 senatu.
2763 1517 2825 1560 nt
2854 1510 2911 1559 id
2946 1510 3045 1560 sibi

1975 1599 2175 1652 prater
2210 1590 2381 1653 legem
2424 1589 2629 1640 liceret.
2696 1587 2838 1638 Illud
2864 1596 3045 1636 tamen

1974 1679 2041 1714 ex
2078 1665 2157 1715 his
2193 1665 2405 1716 videtur
2442 1665 2566 1714 elici
2603 1677 2778 1730 posse,
2812 1663 3045 1728 aliquam

1972 1740 2295 1791 hereditatis
2316 1747 2523 1806 partem
2554 1753 2650 1803 per
2680 1739 2849 1803 legem
2870 1737 3045 1788 Voco-

1972 1816 2111 1867 niam
2152 1817 2377 1881 relinqui
2410 1813 2635 1866 fteminoe
2678 1814 2941 1880 potuisse,
2978 1828 3044 1863 ae

1972 1893 2267 1958 presertim
2290 1891 2433 1944 filie.

2037 1969 2140 2020 Sed
2182 1979 2241 2020 et
2280 1969 2421 2020 alind
2458 1974 2720 2036 preterea
2760 1967 2867 2018 fuit
2908 1967 3044 2032 legis

1972 2045 2219 2100 Voconia!
2260 2055 2451 2113 capnt:
2484 2061 2590 2112 quo
2622 2045 2933 2108 cavebatur,
2972 2060 3045 2095 ne

1972 2123 2089 2188 quis
2133 2137 2318 2174 census
2362 2125 2477 2188 plus
2528 2121 2771 2188 cuiqnam
2816 2121 3046 2185 legaret,

1968 2214 2125 2265 quam
2148 2199 2215 2248 ad
2240 2199 2501 2252 heredem
2524 2199 2854 2265 perveniret:
2887 2199 3045 2263 cujus

1972 2275 2051 2325 rei
2075 2281 2256 2326 auctor
2274 2285 2375 2337 est,
2399 2291 2501 2325 nou
2528 2275 2679 2326 modo
2700 2275 3045 2339 Theophilus,

1970 2351 2066 2403 sed
2084 2353 2244 2402 etiam
2264 2351 2554 2404 M.Tuliins
2577 2353 2714 2402 actio
2734 2365 2823 2403 111.
2838 2351 2891 2402 in
2910 2353 3047 2401 Ver·

1970 2443 2108 2478 retur
2144 2429 2321 2495 idque,
2354 2443 2419 2480 ne
2452 2429 2642 2496 legatis
2676 2428 2808 2478 adeo
2847 2429 3047 2478 exhau-

1972 2509 2165 2557 riretur
2196 2506 2493 2564 hereditas,
2516 2514 2574 2557 ut
2593 2506 2777 2569 scripti
2800 2505 3047 2555 heredes

1973 2585 2041 2636 ab
2062 2599 2128 2637 ea
2159 2583 2371 2652 (utpote
2394 2585 2535 2634 nullo
2566 2588 2657 2635 ant
2684 2583 2873 2647 exigno
2898 2597 3045 2633 erno-

1970 2661 2231 2725 lumento)
2305 2662 2547 2713 adeunda
2623 2661 3044 2723 deterrerentur.

1970 2719 2141 2792 Addt't
2162 2740 2431 2805 Cujaeius,
2454 2738 2601 2803 quasi
2624 2752 2693 2789 ex
2716 2737 2887 2788 Panlo
2902 2736 2961 2789 J.
2979 2737 3045 2785 C.

1972 2818 2139 2869 tradit
2178 2816 2269 2868 lib.
2308 2830 2384 2867 tv.
2417 2817 2661 2867 Seuteut.
2694 2816 2777 2865 tit.
2812 2820 2863 2865 8.
2934 2814 3041 2863 Ca-

1970 2902 2070 2961 put
2103 2894 2237 2959 legis
2276 2893 2489 2944 tertium
2523 2908 2587 2943 ne
2618 2891 2862 2947 fiumina,
2899 2890 3045 2940 ultra

1970 2970 2378 3035 consanguineas
2428 2970 2654 3033 (sorores
2705 2966 2912 3017 seilicet
2952 2980 3045 3014 eo-

1968 3047 2089 3097 dem
2118 3054 2269 3111 patre
2302 3044 2532 3111 genitas)
2555 3044 2623 3095 ab
2646 3044 2898 3094 intestato
2922 3057 3045 3092 suc·

1968 3123 2239 3173 cederent.
2305 3124 2501 3171 Verum
2535 3121 2586 3170 id
2612 3134 2941 3187 nequaquam
2976 3134 3043 3169 eo

1970 3200 2083 3251 loco
2118 3198 2283 3250 tradit
2316 3200 2533 3249 Paulus.
2600 3197 2727 3261 Ejus
2760 3196 2878 3246 hac
2914 3204 3045 3247 snnt

1970 3276 2130 3327 verba
2148 3291 2165 3325 ι
2198 3278 2215 3305 ‘
2242 3274 2489 3326 Femina
2513 3272 2579 3323 ad
2602 3272 2941 3323 hereditates
2967 3274 3043 3321 le-

1968 3352 2175 3417 gitimas
2208 3353 2346 3401 ultra
2380 3340 2791 3414 consanguineas
2828 3364 3043 3399 succes-

1967 3431 2140 3481 siones
2174 3442 2275 3478 nou
2312 3427 2694 3478 admittuntur:
2729 3428 2885 3491 idque
2912 3426 3043 3491 jure

1968 3504 2133 3565 civili,
2168 3503 2251 3552 vel
2276 3502 2511 3553 Voconia
2548 3502 2850 3553 narratione
2890 3504 3045 3553 vide-

1970 3590 2058 3633 tur
2078 3580 2367 3631 effectum.’
2431 3581 2540 3630 Ubi
2565 3581 2813 3645 Cujacins
2850 3596 3043 3645 agnos-

1965 3659 2040 3709 cit
2070 3658 2123 3707 in
2149 3654 2459 3723 quibusdam
2484 3656 2753 3707 codicibus
2774 3656 3041 3719 scriptum

1964 3749 2103 3799 esse,
2150 3734 2167 3763 ⁶
2192 3732 2320 3798 jure
2356 3732 2497 3783 civili
2544 3732 2846 3789 Voconiana
2877 3735 3041 3782 ratio-

1966 3810 2078 3862 nez’
2110 3808 2249 3878 quod
2271 3822 2399 3859 saue
2424 3815 2568 3859 recte
2590 3822 2648 3859 se
2678 3808 2854 3859 habet.
2916 3810 3041 3861 Nec

1965 3888 2121 3939 video
2152 3903 2248 3939 cnr
2270 3886 2535 3938 *maluerit
2574 3886 2655 3935 vir
2687 3886 2923 3936 eruditus
2961 3888 3039 3936 le·

1966 3978 2105 4027 gere,
2138 3966 2295 4029 ‘jure
2318 3963 2461 4017 civili
2484 3962 2781 4013 Voconiana
2806 3966 3042 4027 rogatio·

1964 4040 2067 4102 ne,'
2082 4041 2227 4105 quasi
2248 4050 2389 4093 esset
2405 4055 2474 4092 ex
2492 4040 2609 4105 lege
2628 4038 2881 4091 Voconia.
2916 4040 3037 4105 Ego

1967 4131 2089 4167 vero
2132 4118 2261 4167 nibil
2306 4116 2607 4167 mutandum
2662 4124 2807 4179 puto.
2886 4116 3039 4169 Juria

1966 4192 2163 4258 quippe
2186 4193 2357 4244 civilis
2378 4206 2483 4243 uon
2512 4207 2595 4241 me
2616 4192 2803 4245 stricte
2825 4208 2887 4245 ac
2910 4209 3035 4259 pro·

1968 4269 2081 4332 prie
2103 4268 2307 4319 dictnnr
2326 4268 2393 4319 de
2418 4267 2732 4333 prudentum
2770 4268 3037 4334 interpre-

1964 4346 2167 4395 tatione
2208 4345 2379 4409 accipi
2418 4344 2571 4401 solet,
2614 4342 2708 4394 lib.
2736 4356 2803 4395 ιι.
2840 4345 2943 4409 §⁵.
2976 4346 3033 4395 iu

1964 4419 2070 4472 flue
2089 4422 2215 4487 Dig.
2238 4420 2305 4473 de
2327 4420 2479 4487 Orig.
2502 4435 2567 4471 ex
2598 4435 2703 4487 qua
2730 4422 2843 4473 siue
2868 4420 3031 4474 dnbio
