3267 5250
874 517 1052 588 6982
1800 527 2153 580 artronum

871 678 1080 766 (alter
1103 679 1284 744 enim
1315 677 1610 756 Romam
1642 676 1728 745 ad
1758 677 2039 745 comitia
2066 678 2262 754 ierat)
2278 673 2651 744 exercitum
2670 673 2945 740 duceret
2962 672 3049 739 ad

871 801 1108 849 versus
1137 780 1668 861 Hasdrubalem,
1698 783 1819 868 qui
1850 800 2003 848 cum
2030 765 2315 847 altera‘¹²
2356 797 2557 844 manu
2594 779 2899 863 iniquum
2942 775 3069 842 sal-

871 891 1010 951 tum
1055 884 1418 962 insederat,
1469 885 1693 951 suasit
1735 885 1952 970 primo
1995 881 2273 956 consuli,
2310 901 2396 947 ne
2440 888 2583 946 tam
2632 881 2873 966 iniquo
2922 878 3068 946 1000

871 986 1287 1069 confligeret.
1373 984 1622 1052 Victus
1668 986 1905 1052 deinde
1950 983 2419 1070 complurium,
2450 983 2569 1069 qui
2598 990 2673 1050 et
2700 981 3069 1070 prudentias

867 1088 1026 1174 ejus
1053 1095 1124 1154 et
1146 1091 1376 1156 virtuti
1405 1088 1826 1168 invidebant,
1858 1087 2229 1167 sententiis,
2258 1093 2333 1154 et
2360 1088 2511 1171 ipse
2538 1087 2790 1154 saltum
2821 1087 3067 1168 ingres·

871 1209 993 1256 sus
1019 1197 1164 1273 θείς
1208 1211 1526 1277 cumque,
1553 1192 1733 1257 sicut
1761 1191 2192 1277 praedixerat,
2220 1190 2415 1257 fusus
2444 1189 2861 1273 fugatusque
2890 1194 3073 1253 esset

867 1292 1227 1360 Romanus
1257 1293 1619 1373 exercitus,
1648 1301 1721 1359 et
1738 1293 1897 1360 duae
1929 1281 2239 1359 cohortes
2261 1293 2351 1358 ab
2372 1292 2565 1359 hoste
2594 1291 3070 1371 obsiderentur,

865 1415 1025 1462 cum
1069 1397 1334 1479 exiguis
1375 1399 1677 1482 equitum
1724 1397 1959 1462 turmis
2002 1399 2069 1463 in
2112 1396 2357 1462 saltum
2402 1415 2737 1472 reversus,
2764 1394 3073 1459 liberavit

863 1517 986 1564 eas
1030 1505 1105 1564 et
1140 1498 1517 1564 incolumes
1565 1498 1853 1565 reduxit.
1944 1498 2164 1580 Quam
2208 1500 2521 1566 virtutem
2566 1497 2713 1582 ejus
2746 1503 2831 1561 et
2878 1493 3069 1567 Cato»
3202 1571 3207 1578 ,

869 1600 972 1666 vir
993 1601 1382 1685 promtior-is
1408 1609 1455 1650 ¹³
1477 1599 1567 1666 ad
1597 1601 2113 1686 vituperandum
2134 1601 2409 1686 linguae,
2428 1603 2499 1666 in
2521 1605 2759 1666 senatu
2782 1599 2889 1664 sic
2920 1617 3072 1683 pro·

865 1709 1138 1770 secutus
1165 1709 1292 1781 est,
1319 1709 1396 1768 ut
1424 1701 1699 1781 diceret,
1748 1708 1771 1738 ‘
1791 1703 2119 1788 reliquos,
2165 1703 2283 1789 qui
2322 1705 2393 1768 in
2418 1702 2660 1770 Africa
2684 1701 3071 1778 militarent,

865 1807 1136 1870 umbras
1165 1806 1480 1886 militare,
1510 1805 1900 1890 Scipionem
1932 1807 2156 1888 vigere
2174 1824 2195 1888 ;
2216 1803 2237 1832 ³
2259 1810 2316 1853 ¹4
2354 1812 2431 1870 et
2468 1805 2771 1890 populus
2818 1803 3069 1868 Roma·

863 1925 992 1972 nus
1017 1926 1106 1971 eo
1134 1906 1362 1973 favore
1392 1906 1885 1992 complexus,¹⁵
1916 1915 1995 1972 ut
2018 1907 2315 1972 comitiis
2336 1907 2647 1990 plurimas
2671 1925 2832 1971 eum
2856 1905 3069 1970 tribus

863 2009 1215 2074 consulem
1245 2009 1629 2087 scriberent,
1660 2028 1812 2074 cum
1840 2009 1975 2074 hoc
2003 2029 2127 2094 per
2154 2015 2416 2076 aetatem
2434 2027 2567 2073 non
2584 2010 2845 2076 liceret.
2900 2008 3069 2075 Cum

865 2109 948 2174 L.
980 2111 1373 2176 Scribonius
1405 2112 1713 2177 tribunus
1741 2109 1969 2195 plebis
1996 2111 2407 2195 rogationem
2433 2111 2965 2195 promulgasset,
2998 2118 3068 2175 ut

865 2213 1201 2291 Lusitani,
1214 2213 1440 2298 qui,in
1471 2212 1671 2279 fidem
1702 2214 1943 2298 populi
1974 2213 2269 2280 Romani
2288 2212 2525 2292 dediti,
2546 2232 2591 2276 a
2617 2213 2764 2278 Ser.
2782 2209 3069 2278 Galba¹⁶

863 2315 930 2380 in
950 2314 1246 2380 Galliam
1276 2315 1637 2391 venissent,
1670 2317 1737 2380 in
1781 2316 2157 2381 libertatem
2194 2315 2722 2392 restituerentur,
2752 2313 2860 2378 M.
2898 2313 3067 2379 Cato

863 2419 1182 2482 acerrime
1209 2419 1458 2483 suasit.
1547 2417 1761 2484 Extat
1804 2421 2028 2484 oratio
2078 2419 2149 2484 in
2182 2416 2567 2482 Annalibus
2596 2416 2747 2501 ejus
2773 2417 3062 2481 inclusa.

863 2517 960 2597 Q.
993 2519 1276 2585 Fulvius
1305 2520 1649 2599 Nobilior,
1679 2526 1749 2586 et
1786 2541 1977 2606 saepe
2006 2522 2095 2587 ab
2122 2541 2205 2587 eo
2232 2529 2285 2572 ¹⁷
2328 2521 2401 2586 in
2430 2528 2673 2585 senatu
2702 2519 3063 2595 laceratus,

859 2621 1214 2707 respondit
1239 2642 1362 2709 pro
1393 2623 1663 2707 Galba3
1706 2624 1859 2709 ipse
1902 2645 2174 2711 quoque
2206 2617 2453 2703 Galba,
2482 2643 2639 2689 cum
2668 2642 2743 2689 se
2772 2621 3068 2689 damnari

863 2723 1150 2804 videret,
1211 2725 1618 2811 complexus
1680 2725 1859 2793 duos
1912 2726 2094 2793 filios
2152 2732 2591 2811 praetextatos
2651 2733 2725 2792 et
2779 2724 3067 2810 Sulpicii
3108 2808 3115 2815 ⁹

863 2826 1048 2892 Galli
1067 2827 1116 2867 ¹⁸
1159 2827 1398 2909 filium,
1429 2828 1627 2913 cujus
1658 2837 1835 2897 tutor
1864 2836 2033 2907 erat,
2060 2830 2161 2895 ita
2204 2822 2677 2899 miserabiliter
2712 2848 2837 2915 pro
2866 2848 2945 2895 se
2972 2828 3065 2893 lo-

861 2935 1057 2995 cutus
1085 2937 1216 3019 est,
1267 2942 1349 2996 ut
1375 2934 1639 3015 rogatio
1684 2932 2155 3017 antiquaretur.
2242 2932 2495 2999 Extant
2546 2940 2683 2997 tres
2726 2932 3063 2997 orationes

859 3032 1030 3115 ejus,
1077 3032 1234 3099 duae
1293 3033 1616 3100 adversus
1640 3042 1695 3086 ¹⁹
1738 3034 2063 3100 Libonem
2124 3035 2463 3107 tribunum
2507 3035 2731 3120 plebis
2774 3034 3063 3117 rogatio-

863 3153 1144 3220 nemque
1175 3135 1352 3221 ejus,
1393 3134 1648 3201 habitae
1694 3136 1781 3202 de
1818 3136 2192 3217 Lusitanis,
2244 3158 2381 3203 una
2420 3142 2659 3204 contra
2699 3136 2783 3202 L.
2814 3135 3065 3202 Corne-

861 3236 1032 3303 lium
1081 3236 1480 3331 Cethegum,
1529 3238 1602 3303 in
1654 3257 1792 3324 qna
1822 3238 2191 3307 Lusitanos
2242 3250 2520 3324 propter
2566 3258 2721 3305 sese
2740 3246 2801 3277 ²⁰
2840 3246 3065 3305 castra

859 3340 1180 3405 habentes
1237 3358 1462 3405 caesos
1504 3340 1777 3420 fatetur,
1814 3340 2001 3426 quod
2050 3348 2465 3427 compertum
2500 3341 2834 3421 habuerit,
2886 3358 3061 3427 equo

861 3449 1068 3526 atque
1090 3442 1356 3507 homine
1379 3462 1506 3509 suo
1533 3444 1663 3509 ritu
1682 3451 1705 3483 ¹
1726 3444 2103 3522 immolatiS,
2122 3466 2245 3533 per
2274 3446 2575 3533 speciem
2595 3444 2790 3528 pacis
2816 3440 3061 3510 adoriri

859 3544 1222 3610 exercitum
1275 3564 1472 3610 suum
1522 3545 1592 3611 in
1646 3548 1869 3613 animo
1914 3549 2251 3615 habuisse.
2335 3546 2715 3615 Andriscus
2760 3548 3060 3633 quidam,-

859 3824 989 3875 Mox
1015 3824 1298 3893 murisque,
1317 3841 1425 3891 quc
1453 3826 1877 3891 Carthaginienses
1898 3826 2021 3877 edd.
2053 3836 2177 3879 ante
2200 3829 2518 3893 Sigeia—12
2548 3829 2567 3858 ⁴
2587 3829 2737 3879 Voss.
2766 3830 2867 3880 alin
2878 3846 2903 3889 ,·
2933 3830 3059 3879 Exc.

859 3890 1007 3941 Pith.
1029 3904 1132 3941 non
1156 3894 1290 3941 male
1310 3892 1502 3955 ampla!
1532 3893 1881 3957 Ruperu-ls
1916 3894 2080 3943 Multo
2102 3894 2315 3945 additur
2336 3895 2389 3943 in
2412 3891 2537 3944 edd.
2560 3897 2832 3945 anth—14
2872 3893 3059 3945 Umbris

857 3956 1084 4013 militare,
1115 3956 1250 4019 Seip.
1281 3957 1448 4018 vigm
1479 3956 1600 4007 edd.
1619 3966 1743 4008 ante
1766 3958 1947 4021 Sigon·
1982 3958 2147 4011 Gron.
2168 3974 2235 4009 ex
2260 3958 2417 4009 Hom.
2440 3960 2547 4010 Od.
2572 3972 2629 4009 x.
2649 3962 2766 4009 496.
2786 3960 2929 4023 conj.
2946 3958 3057 4010 eoli-

859 4025 966 4071 taere
994 4021 1356 4089 pro-militare,
1379 4036 1482 4071 non
1505 4024 1659 4085 male,
1680 4022 1867 4089 judice
1898 4024 2251 4087 Ruperu—lss
2287 4024 2357 4073 Ee
2378 4024 2513 4073 illum
2532 4024 2802 4087 conplent
2822 4030 2915 4085 ent,
2938 4038 3057 4089 qua-

857 4087 3056 4216 :3:2213213‘3azffwm'32‘333mssxnffssffewuztaffissrs

857 4214 1174 4276 sigum—16
1212 4215 1312 4272 Qud
1331 4230 1394 4265 ex
1419 4216 1606 4275 foedere
1635 4220 1805 4283 populo
1826 4218 2042 4268 Romam
2060 4218 2217 4270 dediti
2234 4234 2267 4267 α
2288 4218 2465 4281 Sergio
2490 4218 2650 4267 Galba
2669 4218 2789 4268 edd.
2822 4229 2947 4268 ante
2976 4218 3054 4267 si-

895 4294 981 4329 on.
1049 4281 1178 4329 Mox
1212 4281 1266 4329 ia
1301 4280 1472 4331 Gallia
1501 4282 1669 4332 Gron-
1710 4284 1925 4346 Doujat.
1964 4284 2119 4333 Crev.
2154 4284 2377 4349 improb.
2409 4283 2707 4334 Drak—l‘t
2742 4282 3054 4333 Εείιὺηὸεο

858 4344 982 4393 edd.
1019 4354 1142 4395 ante
1185 4344 1496 4407 sigone-18
1557 4348 1642 4397 Ex
1678 4348 1881 4399 emend.
1921 4348 2087 4399 Gron.
2128 4362 2226 4412 pro
2262 4351 2347 4398 vul
2387 4355 2459 4400 at.
2482 4349 2599 4399 Caii
2631 4348 2817 4413 Sulpic-
2847 4350 2901 4399 in
2934 4346 3051 4398 edd.

857 4408 1180 4475 priora—1⁹
1196 4409 1470 4463 Adurunt
1490 4410 1655 4465 Gron.
1676 4414 1898 4480 Doujat.
1916 4414 2205 4467 Crem-2⁰
2224 4364 2454 4466 Veulib.
2468 4413 2613 4480 apud
2624 4414 2809 4482 Sigon.
2824 4427 2969 4480 prope
2984 4426 3052 4463 σε.
