3267 5250
1027 525 1428 575 munem-m
1477 524 1702 575 mvn.
2050 559 2061 576 .
2294 513 2473 580 6018

1021 795 1206 862 LIB.
1250 793 1696 861 LXXXVI.

335 984 518 1052 Cum
549 983 632 1052 C.
667 983 952 1062 Marius,
983 980 1068 1049 G.
1099 981 1308 1048 Marii
1357 979 1560 1060 filius,
1609 981 1851 1046 consul
1880 977 2062 1048 ‘ante
2103 1002 2316 1049 annos
2360 985 2459 1050 vi·-

248 1090 425 1174 ginti
468 1109 590 1173 per
617 1089 756 1155 vim
787 1091 1053 1152 creatus
1083 1093 1291 1164 esset,
1336 1084 1416 1151 C.
1451 1083 1711 1149 Fabius
1730 1091 1757 1134 ⁷
1800 1084 1871 1150 in
1902 1083 2139 1152 Africa
2184 1093 2458 1170 propter

246 1192 718 1259 crudelitatem
741 1197 814 1255 et
853 1189 1212 1256 avaritiam
1259 1187 1332 1252 in
1379 1187 1699 1273 praetorio
1736 1207 1871 1253 suo
1923 1189 2123 1255 vivus
2168 1201 2461 1261 exustus

249 1302 380 1362 est.
475 1294 558 1360 L.
591 1293 956 1378 Philippus
1001 1291 1268 1376 legatus
1320 1291 1530 1377 Syllae
1581 1289 1985 1373 Sardiniam,
2034 1290 2127 1371 Q.
2170 1291 2467 1362 Antonio

247 1403 546 1485 praetore
594 1397 796 1482 pulso
845 1403 916 1462 et
961 1395 1224 1473 occiso,
1271 1393 1667 1478 occupavit.
1756 1393 1950 1480 Sylla
1992 1413 2147 1460 cum
2196 1394 2466 1470 Italicis

249 1501 554 1584 populis,
601 1518 686 1564 ne
728 1499 1074 1564 timeretur
1105 1498 1193 1563 ab
1223 1497 1333 1576 iis,
1374 1496 1566 1561 velut
1615 1503 1964 1582 erepturus
2010 1499 2357 1564 civitatem
2400 1505 2469 1568 et

247 1602 548 1686 suffragii
566 1601 698 1686 jus
716 1620 934 1684 nuper
965 1600 1228 1677 datum,
1272 1597 1502 1666 foedus
1533 1599 1897 1684 percussit.
1986 1599 2337 1684 Idemque,
2369 1621 2461 1668 ex

247 1703 512 1769 fiducia
531 1702 678 1788 jam
705 1707 910 1770 certae
941 1701 1270 1781 victoriae,
1315 1700 1717 1786 litigatores,
1758 1722 1802 1767 a
1832 1703 2081 1786 quibus
2124 1703 2463 1787 adibatur,

247 1805 641 1872 vadimonia
685 1805 982 1872 Romam
1021 1795 1280 1871 differre
1297 1805 1324 1846 ⁸
1359 1804 1600 1890 jussit,
1652 1824 1808 1870 cum
1860 1824 1906 1871 a
1951 1812 2139 1890 parte
2192 1807 2465 1875 diversa

249 1907 442 1973 Urbs
473 1907 701 1974 adhue
727 1913 1084 1974 teneretur.
1173 1907 1255 1974 L.
1288 1908 1751 1994 Damasippus
1789 1914 2055 1994 praetor,
2103 1929 2194 1976 ex
2226 1911 2467 1976 volun—

245 2016 388 2077 tate
422 2011 506 2077 C.
535 2009 742 2077 Marii
770 2011 1070 2076 consulis
1101 2030 1256 2077 eum
1287 2017 1595 2078 senatum
1627 2013 2131 2088 contraxisset,⁹
2162 2031 2457 2090 ornnem,

247 2133 404 2198 quae
437 2115 513 2178 in
533 2111 720 2178 Urbe
747 2121 916 2192 erat,
939 2113 1372 2179 nobilitatem
1398 2111 1807 2178 trucidavit:
1839 2131 1929 2177 ex
1962 2113 2161 2197 cujus
2188 2134 2465 2181 numero

249 2213 341 2294 Q.
377 2215 662 2282 Mucius
691 2215 1009 2282 Scaevola
1039 2215 1349 2300 pontifex
1379 2215 1720 2281 maximus
1747 2214 2015 2300 fugiens
2041 2217 2110 2281 in
2135 2219 2469 2282 vestibulo

249 2318 422 2384 aedis
455 2317 693 2384 Vestae
723 2319 998 2384 occisus
1026 2324 1152 2384 est.
1239 2318 1584 2386 Praeterea
1606 2318 1858 2385 bellum
1899 2339 1944 2385 a
1992 2319 2077 2386 L.
2106 2319 2393 2385 Murena
2412 2328 2469 2360 ¹0

247 2419 578 2486 adversus
607 2418 1070 2486 Mithridatem
1099 2420 1170 2485 in
1199 2419 1374 2490 Asia
1399 2427 1791 2487 renovatum
1822 2423 2137 2489 continet.

1129 2591 1496 2616 &Quom

306 2684 342 2730 7
377 2680 396 2709 ⁴
417 2678 620 2743 Scribe,
647 2676 827 2729 deleta
845 2677 1240 2744 conjunctione,
1283 2681 1342 2730 G.
1364 2679 1561 2731 Mari-2
1583 2712 1598 2727 .
1624 2710 1641 2727 .
1661 2709 1677 2728 .
1696 2685 1885 2730 ereum
1904 2685 1995 2730 eu.
2047 2681 2110 2729 G.
2132 2678 2329 2742 Fabius,
2364 2679 2469 2743 4·σέ

245 2744 302 2796 J.
323 2746 386 2795 12¹.
410 2745 584 2797 Goon.
648 2752 664 2773 ⁸
695 2743 816 2793 Non
841 2743 1025 2793 dubito
1043 2746 1173 2809 quin
1199 2746 1442 2795 mendum
1465 2745 1536 2795 sit
1567 2744 1617 2793 in
1650 2745 1794 2809 Epit.
1818 2746 1933 2800 Liv.
1958 2752 2015 2794 et
2050 2759 2145 2808 pro
2160 2746 2219 2795 X
2221 2746 2293 2795 Χ.
2318 2746 2467 2796 miul-

247 2824 386 2860 mnm
413 2810 601 2873 reponi
623 2808 818 2859 debeat
831 2808 892 2858 Χ
893 2809 950 2858 Χ
956 2808 1014 2858 V.
1031 2816 1092 2858 nt
1107 2810 1156 2860 ei
1176 2811 1256 2860 sic
1273 2810 1556 2862 conveniat
1579 2824 1696 2871 qum
1720 2817 1860 2859 auct.
1875 2809 1943 2859 de
1968 2810 2078 2861 Vir.
2104 2810 2191 2859 ΙΙΙ.
2227 2811 2465 2861 Velleius

245 2882 424 2927 tamen
437 2888 606 2925 annos
623 2882 860 2924 numerat
873 2874 1090 2925 XXVI.
1105 2890 1126 2931 ,-
1147 2874 1192 2924 A
1238 2889 1289 2939 p.
1301 2875 1460 2925 etiam
1485 2874 1604 2925 XX
1611 2873 1754 2924 VII-⁹
1781 2874 2001 2924 Vossius
2016 2874 2087 2923 ad
2104 2874 2339 2925 Velm-a
2361 2876 2466 2927 De-

236 2939 376 3000 sem
397 2940 528 2990 olim
549 2938 844 3004 legebatur.
908 2938 990 2987 Ex
1012 2946 1143 2989 vett.
1169 2891 1293 2989 ligb.
1321 2939 1528 2989 emend.
1558 2940 1741 3002 Sigon.
1763 2945 1818 2988 et
1839 2940 2157 2989 musonium
2189 2940 2466 3005 promite-

245 3008 280 3055 9
314 3006 634 3055 (0¹th
663 3004 814 3055 malit
851 3002 1205 3066 Rupere—10
1238 3012 1254 3035 ‘
1274 3004 1364 3056 ΑΙ.
1411 3006 1497 3071 [ut
1530 3004 1699 3055 Gron.
1737 3003 1919 3067 Crem]
1942 3004 2182 3055 scribunt
2218 3005 2461 3063 Murena,

249 3084 442 3121 nomen
464 3068 788 3121 deducentes
808 3084 841 3119 a
861 3068 1006 3133 pisce
1031 3069 1120 3135 qui
1144 3070 1242 3121 Gr.
1263 3067 1464 3135 μύραινα,
1485 3067 1713 3121 dieitur.'
1748 3068 1955 3133 Rapere.

996 3283 1184 3351 LIB.
1231 3282 1722 3354 LXXXVII.

279 3460 283 3465 ’
332 3470 535 3557 Sylla
563 3468 646 3537 C.
680 3467 1000 3551 Marium,
1025 3472 1338 3537 exercitu
1366 3471 1512 3559 ejus
1540 3470 1699 3537 fuso
1730 3469 2089 3555 deletoque
2118 3470 2208 3536 ad
2240 3470 2466 3537 Sacri-

247 3577 546 3659 portum,
589 3572 660 3637 in
709 3570 988 3657 oppido„
1024 3571 1372 3641 Praeneste
1420 3572 1729 3641 obsedit:
1774 3573 2010 3638 urbem
2045 3573 2339 3639 Romam
2370 3592 2465 3642 ex

245 3676 677 3743 inimicorum
705 3674 1021 3739 manibus
1049 3675 1318 3759 recepit.
1408 3673 1711 3740 Marium
1733 3693 2076 3759 erumpere
2102 3680 2464 3743 tentantem

241 3778 521 3865 repulit.
596 3778 940 3845 Praeterea
966 3796 1076 3843 res
1105 3778 1424 3863 elegatis
1453 3777 1625 3865 ejus,
1658 3777 1897 3846 eadem
1926 3777 2175 3862 ubique
2199 3775 2463 3843 fortuna

243 3882 560 3966 partium,
587 3889 814 3965 gestas
843 3880 1166 3947 eontinet.

975 4114 1161 4183 LIB.
1217 4114 1747 4185 LXXXVIII.

333 4302 531 4387 Sylla
575 4302 977 4383 Carbonem,
1025 4304 1334 4371 exercitu
1377 4304 1525 4391 ejus
1576 4302 1805 4369 fuso¹¹
1852 4302 1939 4370 ad
1992 4303 2323 4380 Clusium,
2368 4302 2459 4367 ad

243 4404 654 4475 Faventiam
705 4406 1216 4493 Fidentiamque
1245 4427 1457 4488 caeso,
1490 4406 1697 4475 Italia
1726 4408 2032 4494 expulit:
2079 4428 2235 4474 cnm
2266 4406 2461 4473 Sam·
