3267 5250
840 457 1019 528 6960
1771 476 2120 527 amoma

844 631 1055 708 gestas
1084 621 1472 688 referuntur.
1559 622 1646 688 T.
1690 621 2004 702 Quintius
2035 620 2472 698 Flamininus,
2500 619 2620 705 qui
2650 620 3038 705 Philippum

845 724 1295 792 Macedonum
1318 744 1539 808 regem
1562 731 1638 791 et
1656 724 1990 790 Nabidem
2013 723 2671 789 Lacedaemoniorum
2695 729 3036 808 tyrannum

843 826 1117 904 viderat,
1164 825 1638 911 Graeciamque
1689 847 1955 892 omnem
1997 826 2429 903 liberaverat,
2475 826 2566 891 ob
2606 825 2777 889 hanc
2825 843 3039 889 rerum

842 936 1184 1012 gestarum
1212 928 1696 994 multitudinem
1724 928 1948 994 triduo
1969 927 2423 1012 triumphavit.
2497 927 2734 1010 Legati
2762 926 3040 992 Cartha·

843 1033 1245 1115 giniensium
1288 1032 1789 1111 nuntiaverunt,
1830 1030 2318 1109 Hannibalem,
2353 1030 2471 1115 qui
2507 1030 2596 1095 ad
2627 1027 3042 1094 Antiochum

844 1133 1250 1217 confugerat,
1280 1133 1531 1198 bellum
1562 1153 1712 1198 cum
1745 1152 1825 1196 eo
1854 1133 2098 1197 moliri.
2152 1132 2566 1214 Tentaverat
2595 1136 2820 1197 autem
2853 1130 3040 1196 Han-

842 1235 1103 1300 nibal¹⁰
1155 1255 1279 1319 per
1329 1234 1714 1299 Aristonem
1765 1234 2064 1319 Tyrium,
2111 1235 2254 1299 sine
2312 1235 2520 1300 literis
2570 1233 3040 1319 Carthaginem

842 1339 1141 1418 missum,
1172 1338 1262 1404 ad
1289 1337 1744 1404 rebellandum
1774 1337 2028 1403 Poenos
2057 1337 2412 1403 concitare.

1766 1503 1980 1525 OOWO
1981 1503 2130 1525 ΜΟ

838 1605 1115 1668 plures—9
1148 1604 1348 1655 Carent
1380 1603 1503 1655 edd.
1537 1614 1660 1657 ante
1692 1605 1868 1672 Sigon.
1901 1603 2073 1659 'verbio
2103 1606 2159 1657 in
2190 1603 2453 1670 Hispania,
2485 1607 2684 1656 ete-1⁰
2718 1603 2924 1656 Deerat
2943 1617 3043 1654 vox

846 1669 1097 1720 Hannibal
1115 1679 1235 1720 ante
1256 1669 1433 1735 Sigon.

1645 1939 1830 2034 mn.
1891 1935 2238 2006 xxxv.
2337 2026 2345 2036 .

933 2124 1017 2189 P.
1062 2122 1300 2207 Scipio
1333 2120 1700 2190 Africanus
1733 2125 1998 2208 legatus
2033 2125 2122 2191 ad
2162 2122 2566 2189 Antiochum
2599 2124 2862 2208 Ephesi
2891 2145 3041 2192 cum

848 2225 1265 2304 Hannibale,
1298 2226 1417 2310 qui
1456 2247 1531 2292 se
1566 2227 1905 2294 Antiocho
1941 2229 2291 2314 Junxerat,
2330 2225 2720 2293 collocutus
2753 2237 2904 2308 est3
2951 2232 3043 2305 ut,

844 2329 907 2394 si
934 2327 1077 2392 fieri
1106 2335 1362 2412 posset,
1392 2336 1640 2396 metum
1671 2333 1760 2411 ei,
1800 2352 1998 2416 quem
2027 2351 2116 2396 ex
2155 2330 2419 2416 populo
2455 2329 2768 2395 Romano
2801 2350 3043 2397 conce-

842 2438 1062 2514 perat,
1114 2430 1457 2496 eximeret.
1547 2431 1727 2498 Inter
1773 2434 1915 2499 alia
1964 2423 2119 2498 cum
2171 2441 2524 2517 quaereret,
2579 2451 2781 2515 quem
2831 2433 3042 2498 fuisse

828 2533 1215 2620 „maximum
1288 2532 1756 2618 imperatorem
1829 2535 2174 2601 Hannibal
2255 2534 2578 2613 crederet,
2645 2536 3042 2621 respondit:

839 2634 859 2670 ‘
889 2630 1356 2701 Alexandrum
1386 2636 1846 2704 Macedonum
1877 2660 2124 2722 regem,
2156 2638 2340 2722 quod
2369 2658 2585 2723 parva
2609 2659 2815 2705 manu
2853 2641 3045 2705 innu-

844 2736 1205 2801 merabiles
1248 2737 1583 2804 exercitus
1623 2739 1932 2819 fudisset,
1969 2742 2288 2826 quodque
2327 2742 2598 2807 ultimas
2627 2748 2833 2821 oras,⁸
2874 2762 3043 2828 quas

841 2837 1061 2927 visere
1090 2858 1295 2924 supra
1323 2861 1514 2925 spem
1544 2841 1898 2909 humanam
1927 2850 2134 2922 esset,
2166 2842 2637 2928 peragrasset?
2703 2843 3044 2924 Quaerenti

842 2937 1105 3018 deinde,
1126 2963 1328 3028 quem
1357 2944 1720 3047 secundum
1752 2939 2055 3031 poneret,
2086 2946 2494 3032 ‘Pyrrhum’
2521 2946 2762 3032 inquit,
2794 2950 3044 3013 ‘castra

842 3045 1082 3107 metari
1113 3046 1401 3127 primum
1431 3046 1765 3115 docuisse.
1828 3047 1942 3115 Ad
1964 3049 2099 3115 hoc
2127 3050 2462 3114 neminem
2493 3050 2860 3134 elegantius
2891 3052 3046 3116 loca

841 3144 1132 3228 cepisse,
1172 3149 1491 3230 praesidia
1534 3150 2006 3236 disposuisse?
2092 3152 2500 3237 Exequenti,
2531 3172 2735 3237 quem
2779 3155 3045 3219 tertium

844 3243 1171 3325 diceret,¹¹
1219 3254 1474 3316 ‘semet
1500 3253 1723 3336 ipsum
1745 3252 1763 3281 ’
1807 3255 2006 3319 dixit.
2091 3253 2346 3319 Ridens
2375 3254 2632 3339 Scipio,
2655 3255 3043 3336 ‘Quidnam

842 3352 915 3411 tu
955 3348 1233 3430 diceres,
1268 3352 1330 3416 si
1359 3352 1505 3431 me,'
1547 3354 1789 3439 inquit,
1835 3358 2164 3422 ‘vicisses
2185 3355 2238 3421 'l'
2325 3357 2556 3423 ‘Tunc
2584 3358 2776 3437 vero,'
2801 3358 3042 3443 inquit,

842 3454 865 3487 ‘
890 3469 996 3514 me
1038 3462 1108 3517 et
1149 3464 1304 3520 aute
1349 3453 1843 3538 Alexandrum,
1884 3466 1957 3524 et
1999 3474 2156 3524 ante
2190 3458 2547 3544 Pyrrhum,
2579 3468 2650 3527 et
2677 3468 2833 3527 ante
2866 3462 3040 3527 alios

841 3553 1266 3636 posuissem.'
1353 3557 1542 3623 Inter
1573 3567 1797 3624 cetera
1825 3560 2159 3644 prodigia,
2184 3581 2338 3645 quae
2363 3563 2651 3646 plurima
2677 3562 2882 3629 fuisse
2913 3570 3042 3628 tra-

842 3654 1111 3735 duntur,
1141 3658 1383 3724 bovem
1414 3658 1537 3725 Cn.
1570 3662 1860 3727 Domitii
1894 3664 2194 3729 consulis
2225 3664 2550 3742 locutum,
2583 3670 2605 3700 ‘
2625 3664 2853 3731 Roma
2871 3683 3041 3731 cave

844 3758 1008 3837 tibi,'
1052 3758 1344 3826 refertur.
1430 3762 1788 3847 Apparant
1834 3768 1903 3830 in
1954 3763 2361 3832 Antiochum
2412 3767 2662 3833 bellum
2717 3766 3040 3833 Romani.

843 3858 1066 3927 Nabis
1096 3862 1760 3933 Lacedaemoniorum
1790 3874 2135 3953 tyrannus,
2157 3869 2480 3936 incitatus
2511 3872 2598 3935 ab
2625 3869 2900 3949 AEtolis,
2924 3868 3038 3953 qui

1762 4016 1792 4037 O
1799 4014 2137 4041 mm?

912 4112 970 4158 11
1006 4108 1023 4139 ⁶
1042 4110 1183 4161 Puto
1204 4112 1414 4178 ductu,
1434 4113 1567 4166 utin
1591 4115 1707 4167 Liv.
1730 4131 1777 4169 c.
1801 4119 1880 4169 14.
1901 4134 1933 4170 a
1953 4134 2056 4185 quo
2087 4120 2300 4170 crederet
2321 4124 2378 4169 et
2411 4124 2609 4183 poneret
2629 4118 2832 4183 sumsit,
2854 4117 3038 4185 quibus

1827 4256 2050 4310 No'rAE

1102 4352 1125 4380 ⁸
1164 4346 1373 4400 Ultimas
1395 4352 1526 4417 oran]
1562 4353 1758 4407 Versu·
1779 4354 2051 4415 orientem.
2069 4314 2312 4409 nimirum
2333 4355 2540 4408 Indica·
2564 4355 2822 4422 regiones.
