3267 5250
705 469 886 540 5914
1664 489 1735 538 ‘r-
1780 487 1975 538 uvu
2008 545 2029 558 ,

707 632 889 712 vius,
921 629 1417 699 circumvectus
1441 635 1569 713 est,
1595 631 1831 700 multis
1860 637 2091 701 tamen
2116 629 2282 702 data
2310 642 2420 700 est
2448 617 2645 700 ‘varia
2670 631 2909 718 opinio

711 733 797 800 de
824 753 912 800 ea
934 734 1292 821 loquendi„

790 835 1126 900 Jornandes
1161 837 1238 900 de
1265 835 1480 900 Rebus
1504 837 1652 900 Get.
1680 859 1735 900 c.
1766 845 1828 898 2.

1529 1034 1633 1084 An
1681 1033 1829 1083 mn.
1874 1033 2089 1084 evin.

797 1153 1419 1241 Septingentesimo
1447 1155 1852 1222 conditionis
1892 1143 2037 1224 suae
2085 1174 2285 1237 anno,
2328 1173 2493 1222 xiv.
2536 1154 2730 1222 vicos
2768 1152 2921 1238 ejus

709 1257 1034 1344 (Romae),
1081 1260 1412 1324 incertum
1457 1257 1639 1323 unde
1690 1277 2126 1342 consurgens,
2184 1259 2457 1326 flamma
2506 1257 2922 1324 consumsit:

712 1381 844 1428 nec
887 1379 1208 1447 unquam,
1256 1365 1332 1425 ut
1367 1360 1463 1426 ait
1503 1359 1769 1440 Livius,
1814 1359 2076 1446 majore
2120 1361 2427 1427 incendio
2472 1366 2743 1427 vastata
2784 1368 2920 1439 est,

713 1463 885 1530 adeo
929 1469 1008 1528 ut
1056 1471 1214 1546 post
1251 1461 1519 1548 aliquot
1559 1483 1767 1529 annos
1812 1464 2051 1531 Caesar
2093 1463 2450 1548 Augustus
2506 1463 2596 1530 ad
2644 1483 2915 1548 repara-

714 1565 964 1631 tionem
985 1585 1238 1643 eorum,
1260 1587 1414 1650 quae
1437 1572 1601 1633 tunc
1623 1571 1868 1634 exusta
1888 1576 2101 1648 erant,
2122 1587 2432 1652 magnam
2454 1567 2593 1633 vim
2610 1565 2919 1651 pecuniae

715 1685 808 1735 ex
837 1667 1075 1732 aerario
1105 1666 1387 1751 publico
1413 1669 1700 1752 largitus
1732 1667 1846 1734 sit.

799 1765 977 1828 Oros.
1005 1783 1100 1830 vl.
1131 1774 1234 1830 14.
1269 1777 1330 1830 et
1363 1784 1490 1830 vn.
1517 1776 1581 1830 2.
1599 1769 1744 1832 coll.
1770 1769 1997 1852 Obseq.
2023 1770 2102 1831 de
2130 1767 2321 1830 Prod.
2349 1789 2406 1830 c.
2434 1775 2577 1830 125.
2606 1789 2683 1830 ex
2706 1767 2927 1849 quibus

713 1863 1033 1945 colligitur,
1075 1865 1193 1927 hoc
1227 1865 1566 1928 incendium
1600 1866 1780 1928 fuisse
1825 1888 1981 1929 anno
2008 1869 2281 1950 proximo
2319 1875 2457 1926 ante
2500 1865 2725 1927 bellum
2750 1863 2933 1928 civile

716 1961 868 2022 inter
913 1961 1276 2044 Pompeium
1321 1971 1387 2025 et
1437 1963 1761 2038 Cum-em,
1814 1967 1989 2047 quns
2034 1965 2265 2026 initium
2318 1971 2675 2024 memorauit
2726 1961 2936 2046 primis

715 2059 912 2122 verbis
937 2059 1108 2142 Epit.
1140 2077 1285 2122 c1x.
1345 2075 1351 2082 ‘

1567 2259 1673 2309 AD
1724 2259 1873 2308 MR.
1920 2259 2083 2308 clx.

807 2386 1068 2465 Caesar,
1097 2385 1456 2452 Rubicone
1481 2385 1761 2452 flumine
1789 2389 2221 2466 transmeato,
2247 2405 2409 2453 mox
2440 2393 2520 2453 ut
2548 2383 2929 2452 Ariminum

720 2491 925 2569 venit,
953 2489 1250 2574 quinque
1281 2489 1620 2568 cohortes,
1650 2507 1819 2574 quas
1847 2496 2008 2556 tunc
2038 2489 2227 2555 solas
2255 2489 2572 2569 habebat,
2604 2507 2759 2554 cum
2780 2487 2933 2573 qui·

718 2593 872 2672 bus,
919 2599 994 2658 ut
1021 2595 1117 2659 ait
1143 2592 1408 2675 Livius,
1455 2593 1689 2661 orbem
1718 2599 2043 2661 terrarum
2072 2591 2353 2661 adortus
2382 2599 2510 2673 est,
2554 2591 2721 2678 quid
2750 2591 2933 2658 facto

724 2714 901 2782 opus
928 2703 1134 2777 esset,
1163 2696 1463 2764 edocuit.

806 2796 982 2859 Oros.
1025 2814 1122 2859 vl.
1167 2804 1269 2859 15.
1354 2797 1530 2860 Idem
1565 2798 1750 2861 refert
1794 2796 2133 2859 Guilelmus
2180 2778 2735 2860 Malmesburiensis
2778 2794 2933 2859 Rer.

599 2912 606 2921 ·
723 2893 914 2976 Angl.
944 2910 1022 2955 11.
1049 2915 1109 2977 p.
1139 2901 1280 2957 183.
1313 2895 1466 2958 forte
1491 2916 1612 2958 non
1635 2916 1717 2957 ex
1743 2895 1940 2969 Livio,
1966 2895 2072 2957 sed
2092 2894 2334 2959 orosio.

1574 3109 1679 3158 AD
1727 3110 1877 3158 mn.
1925 3108 2093 3158 cxl.

812 3226 1079 3292 Primus
1121 3225 1396 3293 hostem
1440 3226 1805 3310 percussit,
1850 3245 2062 3311 nuper
2111 3226 2259 3312 pilo
2304 3234 2532 3293 sumto
2572 3228 2816 3313 primo,
2852 3224 2941 3295 G.

725 3327 1106 3396 Crastinus.

809 3429 1015 3491 Schol.
1053 3437 1176 3490 vet.
1220 3426 1450 3491 Lucani
1489 3445 1618 3490 vn.
1660 3434 1804 3493 4⁸⁷1.
1890 3429 2227 3504 Crastinus,
2264 3430 2369 3512 qui
2408 3450 2565 3492 anno
2602 3429 2799 3513 priore
2822 3428 2945 3511 pri·-

725 3546 889 3596 mum
933 3516 1138 3608 pilum'
1165 3526 1444 3600 duxerat,
1485 3525 1711 3609 primus
1747 3525 1933 3589 telum
1973 3528 2170 3589 emisit
2214 3528 2275 3588 iu
2320 3548 2519 3609 pugna
2560 3526 2945 3588 Pharsalica.

725 3622 816 3685 V.
859 3622 1132 3705 Appian.
1174 3623 1254 3685 B.
1287 3622 1366 3687 C.
1411 3640 1492 3687 11.
1533 3630 1639 3687 82.
1697 3624 1875 3689 Plut.
1924 3624 2081 3687 Caes.
2126 3646 2187 3707 p.
2230 3632 2371 3690 ¹729.
2425 3624 2583 3688 Caes.
2615 3624 2695 3687 B.
2724 3623 2801 3687 C.
2830 3640 2944 3685 111.

731 3728 836 3785 91.
861 3728 964 3784 99.
1309 3726 1322 3737 ‘

817 3819 1088 3889 Patavii
1134 3817 1218 3889 G.
1245 3817 1624 3899 Cornelius,
1674 3820 2021 3904 auguralis
2064 3818 2372 3886 scientiae
2418 3820 2713 3904 peritus,
2758 3816 2945 3885 Livii

727 3922 1030 3989 historici
1057 3920 1232 3991 civis
1262 3922 1737 4003 etfamiliaris,
1767 3925 1896 3991 sub
1931 3923 2106 3990 idem
2152 3924 2328 3989 forte
2370 3931 2640 4006 tempus
2667 3940 2945 4007 operam

734 4024 946 4091 dabat
991 4026 1325 4110 auspicio.
1427 4024 1573 4093 Hic
1622 4026 1933 4112 primum,
1982 4032 2063 4094 ut
2106 4026 2341 4096 Livius
2386 4024 2620 4103 tradit,
2669 4032 2945 4107 tempus

737 4126 966 4213 praelii
1021 4126 1462 4209 (Pharsalici)
1501 4113 1864 4213 cognovit,
1928 4128 2510 4214 praesentibusque
2570 4127 2711 4211 geri
2769 4124 2949 4191 dixit

741 4247 920 4296 nunc
947 4250 1112 4310 rem,
1141 4239 1213 4297 et
1240 4230 1552 4316 praelium
1581 4230 1793 4299 duces
1824 4232 2258 4298 committere.
2331 4229 2475 4297 Ubi
2504 4229 2741 4295 iterum
2760 4226 2949 4310 cepit

747 4334 1121 4417 augurium,
1173 4334 1665 4421 conspexitque
1710 4336 1927 4421 sigua,
1966 4334 2303 4401 fanaticus
2330 4332 2591 4401 exsiliit
2616 4332 2945 4408 clamans,
