3267 5250
908 455 1089 525 5980
1835 471 2188 520 nrt-mum

910 622 1045 696 tus,
1076 613 1259 701 qnod
1278 622 1331 665 ¹⁷
1362 613 1448 679 P.
1478 608 1834 700 Cornelius
1865 600 2135 680 Nasica
2163 613 2461 696 dicebat,
2483 614 2789 682 nondum
2815 613 2944 679 sibi
2958 612 3097 698 Jus-

850 729 858 736 ·
912 727 1051 783 tam
1084 737 1358 784 causam
1390 715 1547 780 belli
1586 716 1823 796 videri,
1868 716 2150 801 placuit,
2192 722 2268 782 ut
2303 717 2484 783 bello
2527 714 3013 793 abstinerent‚¹⁸
3045 714 3100 779 si

914 819 1507 903 Carthaginienses
1553 817 1843 883 classem
1895 820 2344 900 exussissent,
2397 825 2467 885 et
2510 821 2883 884 exercitum
2925 817 3104 882 dimi·

916 925 1199 1004 sissent3
1248 923 1349 986 sin
1376 921 1621 999 minus,
1653 922 1946 1006 proximi
1998 923 2313 988 consules
2359 921 2444 986 de
2493 921 2756 986 Punico
2793 919 2972 985 bello
3015 937 3104 983 re-

917 1027 1184 1092 ferrent.
1272 1024 1445 1090 Cum
1493 1023 1796 1089 locatum
1831 1043 1876 1088 a
1922 1026 2314 1090 censoribus
2355 1024 2692 1090 theatrum
2735 1028 3106 1088 exstruere-

916 1136 1067 1212 tur3
1125 1127 1209 1195 P.
1240 1127 1561 1192 Cornelio
1596 1126 1860 1193 Nasica
1889 1133 2184 1205 auctore,
2223 1135 2546 1212 tanquam
2573 1125 2804 1191 inutile
2835 1131 2909 1190 et
2935 1121 3111 1189 noci-

918 1237 1145 1296 turum
1174 1229 1489 1314 ⁴publicis
1526 1221 1858 1309 moribus,
1911 1249 2000 1294 ex
2053 1235 2327 1295 senatus
2359 1227 2670 1294 consulto
2707 1228 3113 1293 destructum

919 1340 1045 1409 est,
1090 1334 1509 1416 populusque
1561 1331 1984 1415 aliquamdiu
2033 1339 2228 1396 stans
2269 1330 2466 1396 ludos
2511 1331 2873 1414 spectavit.
2964 1327 3116 1393 Car-

922 1433 1380 1517 thaginienses
1439 1453 1593 1499 cum
1652 1433 1979 1499 adversus
2017 1441 2072 1486 ¹⁹
2137 1431 2370 1498 soedus
2425 1432 2672 1498 bellum
2735 1429 3114 1496 Masinissae

923 1537 1331 1614 intulissent,
1350 1537 1514 1602 victi
1545 1537 1631 1602 ab
1663 1555 1769 1614 eo,
1794 1554 2010 1601 annos
2037 1535 2323 1601 habente
2351 1536 2722 1618 nonaginta
2741 1540 2799 1571 ²0
2841 1533 3033 1610 duos,
3057 1535 3118 1596 et

924 1639 1069 1704 sine
1108 1639 1499 1723 pulpamine
1530 1637 1850 1703 mandere
1876 1643 1944 1702 et
1989 1642 2262 1720 gustare
2302 1655 2552 1721 panem
2595 1643 2854 1702 tautum
2901 1635 3116 1711 solito,

924 1742 1073 1807 insu
1082 1761 1197 1827 per
1228 1740 1613 1806 Romanum
1641 1739 1891 1805 bellum
1913 1745 2314 1806 meruerunt.

1841 1903 2215 1926 ‘coemo

927 2004 1097 2056 Paulo
1121 2001 1214 2054 inf.
1233 2008 1422 2054 seuam
1443 2017 1538 2066 pro
1558 2003 1749 2054 senam
1780 2002 1947 2054 Grou.
1966 2003 2186 2068 Donjat.
2207 2003 2495 2054 Crem—1⁷
2527 2003 2810 2052 Exercitus.
2882 2001 3010 2058 Quia
3025 2016 3122 2052 cero

929 2072 1094 2121 Gron.
1136 2069 1347 2132 Doujat.
1380 2069 1673 2118 Crem—18
1706 2068 2042 2118 Abuiueretm·
2087 2068 2245 2119 Crev.
2278 2068 2610 2119 Desiste-etur
2645 2067 2810 2116 Gron.
2855 2067 3124 2128 nonjam—

932 2140 997 2185 19
1034 2135 1156 2184 Tam
1172 2136 1283 2183 adv.
1307 2132 1428 2182 edd.
1451 2140 1573 2183 ante
1594 2133 1776 2192 Sigon.
1838 2132 2108 2182 Adversum
2141 2133 2303 2185 Gron.
2343 2134 2564 2197 Doujat.
2600 2132 2887 2182 Crem—20
2919 2138 2934 2160 ‘
2955 2131 3126 2181 Potius

923 2199 1356 2258 duodenos-aginta.
1387 2198 1455 2246 V.
1477 2198 1707 2248 wessel.
1729 2197 1891 2247 Obss.
1909 2211 1950 2246 ι.
1971 2201 2054 2247 24.
2075 2205 2129 2247 et
2149 2197 2214 2248 ad
2253 2198 2398 2262 Epit-
2421 2212 2470 2248 1,-
2488 2212 2535 2246 c.
2554 2201 2604 2246 6.
2622 2231 2636 2246 .
2658 2229 2672 2244 .
2696 2233 2711 2248 .
2746 2195 2810 2244 In
2847 2193 2956 2244 fine
2985 2196 3127 2259 hujus

930 2265 1081 2327 Epit.
1104 2263 1303 2312 addunt
1334 2263 1465 2312 Exc.
1489 2261 1707 2320 Pitheci,
1737 2263 1907 2312 Motu
1941 2267 2178 2326 praeterea
2201 2261 2366 2326 Syria
2385 2267 2432 2312 et
2454 2263 2574 2312 bella
2593 2261 2721 2310 iuter
2738 2273 2878 2322 reges
2907 2267 3042 2322 gesta
3057 2275 3128 2308 re-

917 2329 1153 2390 seruntur
1170 2345 1190 2386 ,-
1220 2328 1351 2377 inter
1370 2341 1482 2389 qim
1502 2332 1658 2376 nom
1674 2327 1952 2377 Demetrius
1969 2327 2132 2392 Syrie
2149 2342 2240 2378 rex
2259 2325 2440 2376 exis-u
2457 2325 2599 2376 emt!
2634 2326 2860 2390 Rupert.
2931 2327 3129 2378 Gustare

930 2393 1087 2444 cibun·
1108 2391 1230 2442 edd.
1252 2397 1374 2442 ante
1394 2391 1574 2456 Sigon.
1597 2400 1657 2444 et
1678 2393 2001 2443 tantummdo
2021 2392 2160 2442 solito
2183 2393 2349 2444 Grou.
2375 2391 2598 2456 Donjat.
2620 2390 2777 2442 Crev-

1783 2657 1972 2724 LIB.
2015 2656 2308 2725 XLIX.

1026 2843 1236 2910 Tertii
1261 2842 1510 2909 Punici
1539 2842 1704 2910 belli
1753 2844 2012 2909 initium
2041 2844 2251 2910 altero
2271 2850 2292 2881 ¹
2335 2850 2405 2911 et
2433 2844 2941 2912 sexcentesimo
2973 2861 3136 2910 anno

942 2948 1031 3013 ab
1050 2946 1239 3012 Urbe
1265 2946 1563 3025 condita,
1584 2948 1760 3014 intra
1787 2947 2098 3032 quintum
2123 2966 2394 3025 annum,
2421 2966 2628 3032 quam
2651 2956 2798 3015 erat
2823 2953 3137 3033 (neptum,

945 3050 1437 3115 consummati-²
1524 3049 1713 3115 Inter
1763 3050 1868 3115 M.
1915 3049 2234 3115 Porcium
2283 3049 2607 3115 Catonem
2647 3058 2720 3117 et
2755 3050 3142 3136 Scipionem

946 3151 1305 3232 Nasicam,
1334 3170 1619 3236 quorum
1649 3154 1816 3218 alter
1843 3140 2384 3237 sapientissimus
2410 3152 2512 3217 vir
2541 3153 2610 3217 in
2643 3151 2924 3218 civitate
2951 3151 3142 3217 habe·

946 3254 1193 3332 batur-,³
1226 3254 1397 3319 alter
1422 3254 1627 3320 etiam
1655 3255 1764 3321 vir
1796 3255 2098 3339 optimus
2130 3273 2173 3320 a
2203 3262 2441 3320 senatu
2469 3254 2817 3339 judicatus
2859 3264 3028 3333 erat,
3055 3252 3146 3317 di-

949 3356 1167 3421 versis
1194 3362 1519 3422 certatum
1548 3358 1896 3422 sententiis
1933 3363 2067 3435 est,
2113 3355 2368 3423 Catone
2411 3356 2734 3422 suadente
2761 3357 3042 3435 bellum,
3083 3358 3148 3419 et

950 3464 1031 3522 ut
1058 3457 1401 3523 tolleretur
1441 3457 1909 3543 delereturque
1948 3458 2344 3540 Carthago‚4
2391 3457 2654 3523 Nasica
2698 3458 3146 3524 dissuadente.

953 3560 1231 3626 Placuit
1258 3568 1517 3638 tamem·
1554 3560 1737 3645 quod
1774 3566 2004 3626 contra
2050 3559 2276 3626 foedus
2323 3579 2536 3625 naves
2585 3559 2936 3638 haberent,
2973 3558 3148 3645 quod

952 3662 1327 3728 exercitum
1360 3671 1557 3728 extra
1584 3660 1756 3727 fines
1779 3661 2162 3741 duxissent,
2194 3662 2378 3748 quod
2409 3660 2602 3727 socio
2631 3660 3151 3746 populi·Roma·

954 3768 1025 3829 ni
1048 3772 1121 3830 et
1146 3762 1370 3831 amico
1402 3762 1792 3831 Masinissae
1837 3782 2026 3830 arma
2061 3764 2471 3853 intulissent,
2511 3765 2694 3848 quod
2744 3764 2964 3829 filium
3011 3762 3152 3850 ejus

1881 3924 2242 3947 OQQOWO

1026 4032 1051 4077 1
1090 4033 1107 4058 ·
1131 4025 1237 4076 Alii
1261 4040 1359 4090 pro
1378 4028 1530 4076 ulcero
1552 4026 1603 4075 h.
1626 4028 1662 4077 l.
1699 4026 1988 4091 conjiciunt
2022 4033 2214 4091 quarto,
2254 4026 2342 4077 alii
2375 4026 2542 4089 quinto
2572 4025 2858 4075 secundum
2892 4022 3158 4087 Varronis,

963 4093 1050 4141 vel
1067 4092 1243 4155 potius
1265 4092 1410 4141 tertio
1431 4090 1716 4142 seeundum
1734 4092 1969 4153 Catonis,
1986 4091 2138 4152 Livii,
2155 4102 2208 4141 et
2225 4091 2486 4142 Dodwelli
2505 4089 2930 4154 chronologiam-⁹
2955 4092 3158 4154 Rupert-

962 4159 1063 4205 -2
1112 4155 1410 4219 negebatur
1452 4166 1575 4206 aute
1617 4156 1792 4219 Sigon.
1839 4162 2210 4206 consummatum
2251 4157 2442 4205 omnino
2477 4160 2550 4205 nt
2569 4173 2592 4215 ,-
2635 4163 2694 4204 et
2731 4162 3162 4205 ems-matur.—

962 4225 993 4270 8
1020 4220 1231 4275 Quorum
1251 4222 1455 4270 ulterram
1472 4221 1870 4284 sapientissimum
1889 4222 2048 4271 virum
2070 4222 2122 4271 in
2143 4222 2236 4271 civ.
2253 4221 2485 4271 habebunt
2507 4220 2626 4269 edd.
2641 4229 2764 4271 ante
2787 4220 2968 4283 Sigon.
3035 4220 3160 4269 Mox

962 4284 1091 4333 ulter
1130 4285 1335 4347 optimu
1372 4286 1452 4335 cir
1487 4287 1634 4335 etiam
1670 4286 1832 4336 Gron.
1877 4286 2192 4348 Doujat.-4
2225 4286 2296 4335 Et
2327 4292 2383 4335 ut
2418 4286 2607 4335 omino
2645 4286 2886 4335 deleretur·
2919 4284 3163 4345 Carthago

966 4348 1087 4399 edd.
1109 4356 1233 4399 ante
1254 4349 1433 4412 Sigon.
1498 4350 1629 4401 Mox
1647 4352 1829 4414 placuit
1849 4350 2152 4401 nihilominus
2171 4351 2304 4402 eaed.
2347 4352 2526 4403 Tamen
2545 4364 2600 4402 eo
2617 4350 2921 4415 quodGron.
2949 4348 3164 4413 Doujat.
