<?xml version="1.0" encoding="UTF-8"?>
<!DOCTYPE html PUBLIC "-//W3C//DTD XHTML 1.0 Transitional//EN"
    "http://www.w3.org/TR/xhtml1/DTD/xhtml1-transitional.dtd">
<html xmlns="http://www.w3.org/1999/xhtml" xml:lang="en" lang="en">
 <head>
  <title>
</title>
<meta http-equiv="Content-Type" content="text/html;charset=utf-8" />
  <meta name='ocr-system' content='tesseract 3.04.00' />
  <meta name='ocr-capabilities' content='ocr_page ocr_carea ocr_par ocr_line ocrx_word'/>
</head>
<body>
  <div class='ocr_page' id='page_1' title='image "./tliviipatavinih30unkngoog_0255.png"; bbox 0 0 3267 5250; ppageno 0'>
   <div class='ocr_carea' id='block_1_1' title="bbox 781 422 2009 489">
    <p class='ocr_par' dir='ltr' id='par_1_1' title="bbox 781 422 2009 489">
     <span class='ocr_line' id='line_1_1' title="bbox 781 422 2009 489; baseline 0.004 -9"><span class='ocrx_word' id='word_1_1' title='bbox 781 432 850 480; x_wconf 76' lang='lat' dir='ltr'><strong>r.</strong></span> <span class='ocrx_word' id='word_1_2' title='bbox 899 432 1091 481; x_wconf 73' lang='lat' dir='ltr'><strong>mvn</strong></span> <span class='ocrx_word' id='word_1_3' title='bbox 1141 434 1343 484; x_wconf 74' lang='lat' dir='ltr'><strong>mar.</strong></span> <span class='ocrx_word' id='word_1_4' title='bbox 1395 434 1540 483; x_wconf 76' lang='lat' dir='ltr'><strong>ma.</strong></span> <span class='ocrx_word' id='word_1_5' title='bbox 1591 434 1640 483; x_wconf 87' lang='lat'><strong>1.</strong></span> <span class='ocrx_word' id='word_1_6' title='bbox 1688 436 1855 487; x_wconf 72' lang='lat' dir='ltr'><strong>oar.</strong></span> <span class='ocrx_word' id='word_1_7' title='bbox 1904 422 2009 489; x_wconf 83' lang='lat'><strong>19.</strong></span> 
     </span>
    </p>
   </div>
   <div class='ocr_carea' id='block_1_2' title="bbox 251 572 1350 4418">
    <p class='ocr_par' dir='ltr' id='par_1_2' title="bbox 251 572 1350 4418">
     <span class='ocr_line' id='line_1_2' title="bbox 282 572 1350 640; baseline 0.006 -18"><span class='ocrx_word' id='word_1_8' title='bbox 282 572 423 637; x_wconf 72' lang='lat' dir='ltr'><strong>salis]</strong></span> <span class='ocrx_word' id='word_1_9' title='bbox 455 572 653 637; x_wconf 61' lang='lat' dir='ltr'><strong>Greci,</strong></span> <span class='ocrx_word' id='word_1_10' title='bbox 675 590 804 640; x_wconf 84' lang='lat' dir='ltr'><strong>quos</strong></span> <span class='ocrx_word' id='word_1_11' title='bbox 842 576 1014 626; x_wconf 84' lang='lat' dir='ltr'><strong>Numa</strong></span> <span class='ocrx_word' id='word_1_12' title='bbox 1036 575 1172 627; x_wconf 83' lang='lat' dir='ltr'><strong>haud</strong></span> <span class='ocrx_word' id='word_1_13' title='bbox 1193 576 1350 629; x_wconf 81' lang='lat' dir='ltr'><strong>dubie</strong></span> 
     </span>
     <span class='ocr_line' id='line_1_3' title="bbox 283 642 1350 717; baseline 0.007 -20"><span class='ocrx_word' id='word_1_14' title='bbox 283 642 524 699; x_wconf 79' lang='lat' dir='ltr'><strong>imitatus</strong></span> <span class='ocrx_word' id='word_1_15' title='bbox 537 658 639 715; x_wconf 83' lang='lat' dir='ltr'><strong>est,</strong></span> <span class='ocrx_word' id='word_1_16' title='bbox 655 658 843 702; x_wconf 82' lang='lat' dir='ltr'><strong>octavo</strong></span> <span class='ocrx_word' id='word_1_17' title='bbox 859 666 1064 717; x_wconf 87' lang='lat' dir='ltr'><strong>quoque</strong></span> <span class='ocrx_word' id='word_1_18' title='bbox 1078 666 1216 703; x_wconf 93' lang='lat' dir='ltr'><strong>anno</strong></span> <span class='ocrx_word' id='word_1_19' title='bbox 1241 662 1350 705; x_wconf 77' lang='lat' dir='ltr'><strong>tres</strong></span> 
     </span>
     <span class='ocr_line' id='line_1_4' title="bbox 279 728 1350 795; baseline 0.005 -18"><span class='ocrx_word' id='word_1_20' title='bbox 279 741 490 778; x_wconf 83' lang='lat' dir='ltr'><strong>menses</strong></span> <span class='ocrx_word' id='word_1_21' title='bbox 523 728 906 780; x_wconf 85' lang='lat' dir='ltr'><strong>intercalandos</strong></span> <span class='ocrx_word' id='word_1_22' title='bbox 944 733 1350 795; x_wconf 85' lang='lat' dir='ltr'><strong>constituerunt,</strong></span> 
     </span>
     <span class='ocr_line' id='line_1_5' title="bbox 279 804 1348 874; baseline 0.007 -20"><span class='ocrx_word' id='word_1_23' title='bbox 279 804 382 857; x_wconf 77' lang='lat' dir='ltr'><strong>hoc</strong></span> <span class='ocrx_word' id='word_1_24' title='bbox 402 814 506 870; x_wconf 86' lang='lat' dir='ltr'><strong>est,</strong></span> <span class='ocrx_word' id='word_1_25' title='bbox 525 810 808 873; x_wconf 77' lang='lat' dir='ltr'><strong>nonaginta</strong></span> <span class='ocrx_word' id='word_1_26' title='bbox 829 809 960 873; x_wconf 83' lang='lat' dir='ltr'><strong>dies,</strong></span> <span class='ocrx_word' id='word_1_27' title='bbox 982 810 1153 874; x_wconf 82' lang='lat' dir='ltr'><strong>quiex</strong></span> <span class='ocrx_word' id='word_1_28' title='bbox 1170 826 1348 862; x_wconf 85' lang='lat' dir='ltr'><strong>nume·</strong></span> 
     </span>
     <span class='ocr_line' id='line_1_6' title="bbox 279 886 1346 951; baseline 0.007 -20"><span class='ocrx_word' id='word_1_29' title='bbox 279 897 340 933; x_wconf 89' lang='lat' dir='ltr'><strong>ro</strong></span> <span class='ocrx_word' id='word_1_30' title='bbox 379 899 465 936; x_wconf 68' lang='grc' dir='ltr'><strong>ιι.</strong></span> <span class='ocrx_word' id='word_1_31' title='bbox 505 886 704 935; x_wconf 83' lang='lat' dir='ltr'><strong>dierum</strong></span> <span class='ocrx_word' id='word_1_32' title='bbox 736 893 792 935; x_wconf 86' lang='lat' dir='ltr'><strong>ct</strong></span> <span class='ocrx_word' id='word_1_33' title='bbox 827 888 1138 951; x_wconf 70' lang='lat' dir='ltr'><strong>quadrantis</strong></span> <span class='ocrx_word' id='word_1_34' title='bbox 1179 890 1346 939; x_wconf 80' lang='lat' dir='ltr'><strong>octies</strong></span> 
     </span>
     <span class='ocr_line' id='line_1_7' title="bbox 277 962 1345 1027; baseline 0.006 -16"><span class='ocrx_word' id='word_1_35' title='bbox 277 962 636 1027; x_wconf 86' lang='lat' dir='ltr'><strong>multiplicato</strong></span> <span class='ocrx_word' id='word_1_36' title='bbox 657 964 994 1027; x_wconf 84' lang='lat' dir='ltr'><strong>superabant.</strong></span> <span class='ocrx_word' id='word_1_37' title='bbox 1061 966 1200 1015; x_wconf 86' lang='lat' dir='ltr'><strong>Nam</strong></span> <span class='ocrx_word' id='word_1_38' title='bbox 1225 980 1345 1017; x_wconf 86' lang='lat' dir='ltr'><strong>cum</strong></span> 
     </span>
     <span class='ocr_line' id='line_1_8' title="bbox 277 1040 1342 1093; baseline 0.004 -4"><span class='ocrx_word' id='word_1_39' title='bbox 277 1053 472 1089; x_wconf 85' lang='lat' dir='ltr'><strong>annum</strong></span> <span class='ocrx_word' id='word_1_40' title='bbox 489 1040 564 1089; x_wconf 89' lang='lat' dir='ltr'><strong>illi</strong></span> <span class='ocrx_word' id='word_1_41' title='bbox 587 1055 655 1089; x_wconf 83' lang='lat' dir='ltr'><strong>ex</strong></span> <span class='ocrx_word' id='word_1_42' title='bbox 675 1053 780 1090; x_wconf 79' lang='lat' dir='ltr'><strong>xn-</strong></span> <span class='ocrx_word' id='word_1_43' title='bbox 814 1042 948 1091; x_wconf 78' lang='lat' dir='ltr'><strong>lunae</strong></span> <span class='ocrx_word' id='word_1_44' title='bbox 971 1042 1213 1092; x_wconf 81' lang='lat' dir='ltr'><strong>cursibus</strong></span> <span class='ocrx_word' id='word_1_45' title='bbox 1236 1051 1342 1093; x_wconf 90' lang='lat' dir='ltr'><strong>sta-</strong></span> 
     </span>
     <span class='ocr_line' id='line_1_9' title="bbox 277 1118 1344 1185; baseline 0.003 -18"><span class='ocrx_word' id='word_1_46' title='bbox 277 1118 536 1168; x_wconf 84' lang='lat' dir='ltr'><strong>tuendum</strong></span> <span class='ocrx_word' id='word_1_47' title='bbox 575 1124 866 1181; x_wconf 78' lang='lat' dir='ltr'><strong>putassent,</strong></span> <span class='ocrx_word' id='word_1_48' title='bbox 903 1125 1344 1185; x_wconf 72' lang='lat' dir='ltr'><strong>superesseutqne</strong></span> 
     </span>
     <span class='ocr_line' id='line_1_10' title="bbox 277 1194 1341 1247; baseline 0.003 -3"><span class='ocrx_word' id='word_1_49' title='bbox 277 1194 346 1244; x_wconf 89' lang='lat' dir='ltr'><strong>ad</strong></span> <span class='ocrx_word' id='word_1_50' title='bbox 371 1195 698 1245; x_wconf 73' lang='lat' dir='ltr'><strong>solstitialem</strong></span> <span class='ocrx_word' id='word_1_51' title='bbox 722 1209 910 1244; x_wconf 83' lang='lat' dir='ltr'><strong>annum</strong></span> <span class='ocrx_word' id='word_1_52' title='bbox 932 1194 1046 1245; x_wconf 81' lang='lat' dir='ltr'><strong>dies</strong></span> <span class='ocrx_word' id='word_1_53' title='bbox 1071 1210 1153 1246; x_wconf 81' lang='lat' dir='ltr'><strong>xr.</strong></span> <span class='ocrx_word' id='word_1_54' title='bbox 1173 1204 1230 1247; x_wconf 87' lang='lat' dir='ltr'><strong>et</strong></span> <span class='ocrx_word' id='word_1_55' title='bbox 1249 1211 1341 1247; x_wconf 78' lang='lat' dir='ltr'><strong>sex</strong></span> 
     </span>
     <span class='ocr_line' id='line_1_11' title="bbox 275 1270 1340 1335; baseline 0.002 -16"><span class='ocrx_word' id='word_1_56' title='bbox 275 1270 435 1326; x_wconf 76' lang='lat' dir='ltr'><strong>horte,</strong></span> <span class='ocrx_word' id='word_1_57' title='bbox 473 1280 665 1335; x_wconf 80' lang='lat' dir='ltr'><strong>quarta</strong></span> <span class='ocrx_word' id='word_1_58' title='bbox 693 1272 896 1321; x_wconf 81' lang='lat' dir='ltr'><strong>scilicet</strong></span> <span class='ocrx_word' id='word_1_59' title='bbox 919 1270 1022 1319; x_wconf 88' lang='lat' dir='ltr'><strong>diei</strong></span> <span class='ocrx_word' id='word_1_60' title='bbox 1047 1285 1187 1335; x_wconf 84' lang='lat' dir='ltr'><strong>pars,</strong></span> <span class='ocrx_word' id='word_1_61' title='bbox 1221 1286 1340 1322; x_wconf 89' lang='lat' dir='ltr'><strong>eum</strong></span> 
     </span>
     <span class='ocr_line' id='line_1_12' title="bbox 273 1346 1345 1414; baseline 0.003 -18"><span class='ocrx_word' id='word_1_62' title='bbox 273 1346 480 1397; x_wconf 87' lang='lat' dir='ltr'><strong>dierum</strong></span> <span class='ocrx_word' id='word_1_63' title='bbox 502 1360 772 1396; x_wconf 81' lang='lat' dir='ltr'><strong>numerum</strong></span> <span class='ocrx_word' id='word_1_64' title='bbox 802 1355 992 1396; x_wconf 78' lang='lat' dir='ltr'><strong>octavo</strong></span> <span class='ocrx_word' id='word_1_65' title='bbox 1023 1362 1228 1413; x_wconf 85' lang='lat' dir='ltr'><strong>quoque</strong></span> <span class='ocrx_word' id='word_1_66' title='bbox 1257 1348 1345 1414; x_wconf 87' lang='lat' dir='ltr'><strong>(ut</strong></span> 
     </span>
     <span class='ocr_line' id='line_1_13' title="bbox 273 1422 1342 1487; baseline 0.005 -16"><span class='ocrx_word' id='word_1_67' title='bbox 273 1422 416 1487; x_wconf 83' lang='lat' dir='ltr'><strong>dixi)</strong></span> <span class='ocrx_word' id='word_1_68' title='bbox 451 1436 586 1472; x_wconf 90' lang='lat' dir='ltr'><strong>auno</strong></span> <span class='ocrx_word' id='word_1_69' title='bbox 604 1424 1131 1486; x_wconf 85' lang='lat' dir='ltr'><strong>placuitiutercslari.</strong></span> <span class='ocrx_word' id='word_1_70' title='bbox 1164 1426 1342 1478; x_wconf 82' lang='lat' dir='ltr'><strong>Quare</strong></span> 
     </span>
     <span class='ocr_line' id='line_1_14' title="bbox 276 1499 1340 1554; baseline 0.006 -6"><span class='ocrx_word' id='word_1_71' title='bbox 276 1499 498 1549; x_wconf 71' lang='lat' dir='ltr'><strong>Graecos</strong></span> <span class='ocrx_word' id='word_1_72' title='bbox 537 1500 714 1549; x_wconf 86' lang='lat' dir='ltr'><strong>Numa</strong></span> <span class='ocrx_word' id='word_1_73' title='bbox 755 1501 986 1551; x_wconf 88' lang='lat' dir='ltr'><strong>imitatus</strong></span> <span class='ocrx_word' id='word_1_74' title='bbox 1037 1502 1202 1552; x_wconf 75' lang='lat' dir='ltr'><strong>videri</strong></span> <span class='ocrx_word' id='word_1_75' title='bbox 1237 1518 1340 1554; x_wconf 89' lang='lat' dir='ltr'><strong>non</strong></span> 
     </span>
     <span class='ocr_line' id='line_1_15' title="bbox 273 1576 1338 1645; baseline 0.006 -20"><span class='ocrx_word' id='word_1_76' title='bbox 273 1583 478 1639; x_wconf 78' lang='lat' dir='ltr'><strong>potest.</strong></span> <span class='ocrx_word' id='word_1_77' title='bbox 541 1576 679 1629; x_wconf 82' lang='lat' dir='ltr'><strong>Quin</strong></span> <span class='ocrx_word' id='word_1_78' title='bbox 703 1576 830 1627; x_wconf 88' lang='lat' dir='ltr'><strong>illud</strong></span> <span class='ocrx_word' id='word_1_79' title='bbox 850 1578 968 1628; x_wconf 81' lang='lat' dir='ltr'><strong>vide</strong></span> <span class='ocrx_word' id='word_1_80' title='bbox 985 1578 1178 1644; x_wconf 80' lang='lat' dir='ltr'><strong>potius,</strong></span> <span class='ocrx_word' id='word_1_81' title='bbox 1201 1580 1338 1645; x_wconf 85' lang='lat' dir='ltr'><strong>quod</strong></span> 
     </span>
     <span class='ocr_line' id='line_1_16' title="bbox 273 1652 1338 1708; baseline 0.006 -6"><span class='ocrx_word' id='word_1_82' title='bbox 273 1652 612 1703; x_wconf 79' lang='lat' dir='ltr'><strong>subtilissima</strong></span> <span class='ocrx_word' id='word_1_83' title='bbox 646 1654 946 1704; x_wconf 84' lang='lat' dir='ltr'><strong>Macrobius</strong></span> <span class='ocrx_word' id='word_1_84' title='bbox 967 1656 1338 1708; x_wconf 84' lang='lat' dir='ltr'><strong>dissertatione</strong></span> 
     </span>
     <span class='ocr_line' id='line_1_17' title="bbox 273 1730 1336 1795; baseline 0.005 -18"><span class='ocrx_word' id='word_1_85' title='bbox 273 1730 622 1795; x_wconf 79' lang='lat' dir='ltr'><strong>demonstrat,</strong></span> <span class='ocrx_word' id='word_1_86' title='bbox 661 1745 728 1779; x_wconf 88' lang='lat' dir='ltr'><strong>ne</strong></span> <span class='ocrx_word' id='word_1_87' title='bbox 767 1746 866 1780; x_wconf 90' lang='lat' dir='ltr'><strong>non</strong></span> <span class='ocrx_word' id='word_1_88' title='bbox 901 1732 1122 1781; x_wconf 79' lang='lat' dir='ltr'><strong>vicesimo</strong></span> <span class='ocrx_word' id='word_1_89' title='bbox 1155 1732 1336 1783; x_wconf 82' lang='lat' dir='ltr'><strong>Livius</strong></span> 
     </span>
     <span class='ocr_line' id='line_1_18' title="bbox 271 1807 1340 1875; baseline 0.006 -20"><span class='ocrx_word' id='word_1_90' title='bbox 271 1807 560 1870; x_wconf 80' lang='lat' dir='ltr'><strong>scripserit,</strong></span> <span class='ocrx_word' id='word_1_91' title='bbox 597 1807 690 1857; x_wconf 82' lang='lat' dir='ltr'><strong>sed</strong></span> <span class='ocrx_word' id='word_1_92' title='bbox 729 1808 946 1857; x_wconf 76' lang='lat' dir='ltr'><strong>vicesimo</strong></span> <span class='ocrx_word' id='word_1_93' title='bbox 971 1814 1142 1873; x_wconf 74' lang='lat' dir='ltr'><strong>quarto</strong></span> <span class='ocrx_word' id='word_1_94' title='bbox 1161 1825 1340 1875; x_wconf 71' lang='lat' dir='ltr'><strong>quoqne</strong></span> 
     </span>
     <span class='ocr_line' id='line_1_19' title="bbox 267 1884 1336 1950; baseline 0.004 -17"><span class='ocrx_word' id='word_1_95' title='bbox 267 1899 426 1941; x_wconf 66' lang='lat' dir='ltr'><strong>nae,-</strong></span> <span class='ocrx_word' id='word_1_96' title='bbox 461 1884 618 1950; x_wconf 85' lang='lat' dir='ltr'><strong>idque</strong></span> <span class='ocrx_word' id='word_1_97' title='bbox 639 1898 707 1933; x_wconf 81' lang='lat' dir='ltr'><strong>ex</strong></span> <span class='ocrx_word' id='word_1_98' title='bbox 743 1886 928 1935; x_wconf 73' lang='lat' dir='ltr'><strong>Numoe</strong></span> <span class='ocrx_word' id='word_1_99' title='bbox 963 1887 1336 1937; x_wconf 81' lang='lat' dir='ltr'><strong>constitutione</strong></span> 
     </span>
     <span class='ocr_line' id='line_1_20' title="bbox 271 1961 1336 2029; baseline 0.005 -20"><span class='ocrx_word' id='word_1_100' title='bbox 271 1969 653 2023; x_wconf 81' lang='lat' dir='ltr'><strong>comparatum.</strong></span> <span class='ocrx_word' id='word_1_101' title='bbox 719 1961 854 2012; x_wconf 86' lang='lat' dir='ltr'><strong>Nam</strong></span> <span class='ocrx_word' id='word_1_102' title='bbox 877 1961 1080 2029; x_wconf 83' lang='lat' dir='ltr'><strong>eumad</strong></span> <span class='ocrx_word' id='word_1_103' title='bbox 1101 1978 1218 2014; x_wconf 87' lang='lat' dir='ltr'><strong>eum</strong></span> <span class='ocrx_word' id='word_1_104' title='bbox 1243 1979 1336 2015; x_wconf 89' lang='lat' dir='ltr'><strong>nu·</strong></span> 
     </span>
     <span class='ocr_line' id='line_1_21' title="bbox 269 2036 1335 2103; baseline 0.006 -18"><span class='ocrx_word' id='word_1_105' title='bbox 269 2040 469 2086; x_wconf 79' lang='lat' dir='ltr'><strong>me&#39;rum</strong></span> <span class='ocrx_word' id='word_1_106' title='bbox 495 2036 718 2095; x_wconf 87' lang='lat' dir='ltr'><strong>dierum,</strong></span> <span class='ocrx_word' id='word_1_107' title='bbox 755 2053 908 2103; x_wconf 87' lang='lat' dir='ltr'><strong>quem</strong></span> <span class='ocrx_word' id='word_1_108' title='bbox 939 2038 1004 2089; x_wconf 88' lang='lat' dir='ltr'><strong>ad</strong></span> <span class='ocrx_word' id='word_1_109' title='bbox 1043 2040 1178 2090; x_wconf 75' lang='lat' dir='ltr'><strong>luuoe</strong></span> <span class='ocrx_word' id='word_1_110' title='bbox 1217 2056 1335 2091; x_wconf 87' lang='lat' dir='ltr'><strong>cur-</strong></span> 
     </span>
     <span class='ocr_line' id='line_1_22' title="bbox 269 2113 1334 2183; baseline 0.008 -21"><span class='ocrx_word' id='word_1_111' title='bbox 269 2128 382 2162; x_wconf 85' lang='lat' dir='ltr'><strong>sum</strong></span> <span class='ocrx_word' id='word_1_112' title='bbox 405 2113 586 2165; x_wconf 69' lang='lat' dir='ltr'><strong>Greci</strong></span> <span class='ocrx_word' id='word_1_113' title='bbox 606 2116 1172 2183; x_wconf 84' lang='lat' dir='ltr'><strong>constituerant(erant</strong></span> <span class='ocrx_word' id='word_1_114' title='bbox 1193 2120 1334 2171; x_wconf 88' lang='lat' dir='ltr'><strong>enim</strong></span> 
     </span>
     <span class='ocr_line' id='line_1_23' title="bbox 273 2192 1334 2255; baseline 0.007 -16"><span class='ocrx_word' id='word_1_115' title='bbox 273 2193 501 2241; x_wconf 72' lang='lat' dir='ltr'><strong>trecenti</strong></span> <span class='ocrx_word' id='word_1_116' title='bbox 527 2192 667 2255; x_wconf 80' lang='lat' dir='ltr'><strong>mv.)</strong></span> <span class='ocrx_word' id='word_1_117' title='bbox 695 2208 852 2243; x_wconf 80' lang='lat' dir='ltr'><strong>unum</strong></span> <span class='ocrx_word' id='word_1_118' title='bbox 889 2196 942 2243; x_wconf 88' lang='lat' dir='ltr'><strong>iu</strong></span> <span class='ocrx_word' id='word_1_119' title='bbox 964 2195 1214 2246; x_wconf 82' lang='lat' dir='ltr'><strong>honorem</strong></span> <span class='ocrx_word' id='word_1_120' title='bbox 1239 2197 1334 2246; x_wconf 83' lang='lat' dir='ltr'><strong>im·</strong></span> 
     </span>
     <span class='ocr_line' id='line_1_24' title="bbox 271 2268 1332 2337; baseline 0.008 -21"><span class='ocrx_word' id='word_1_121' title='bbox 271 2268 414 2331; x_wconf 88' lang='lat' dir='ltr'><strong>paris</strong></span> <span class='ocrx_word' id='word_1_122' title='bbox 438 2271 642 2320; x_wconf 85' lang='lat' dir='ltr'><strong>numeri</strong></span> <span class='ocrx_word' id='word_1_123' title='bbox 665 2271 800 2321; x_wconf 89' lang='lat' dir='ltr'><strong>diem</strong></span> <span class='ocrx_word' id='word_1_124' title='bbox 825 2270 1004 2321; x_wconf 81' lang='lat' dir='ltr'><strong>Numa</strong></span> <span class='ocrx_word' id='word_1_125' title='bbox 1035 2272 1332 2337; x_wconf 84' lang='lat' dir='ltr'><strong>adjecisset,</strong></span> 
     </span>
     <span class='ocr_line' id='line_1_25' title="bbox 269 2344 1330 2412; baseline 0.008 -20"><span class='ocrx_word' id='word_1_126' title='bbox 269 2344 541 2402; x_wconf 84' lang='lat' dir='ltr'><strong>Romanis,</strong></span> <span class='ocrx_word' id='word_1_127' title='bbox 565 2347 873 2412; x_wconf 85' lang='lat' dir='ltr'><strong>simpliciter</strong></span> <span class='ocrx_word' id='word_1_128' title='bbox 911 2348 1218 2399; x_wconf 61' lang='lat' dir='ltr'><strong>Grecornm</strong></span> <span class='ocrx_word' id='word_1_129' title='bbox 1251 2352 1330 2399; x_wconf 90' lang='lat' dir='ltr'><strong>iu·</strong></span> 
     </span>
     <span class='ocr_line' id='line_1_26' title="bbox 267 2422 1330 2491; baseline 0.007 -23"><span class='ocrx_word' id='word_1_130' title='bbox 267 2422 662 2473; x_wconf 80' lang='lat' dir='ltr'><strong>tercalationem</strong></span> <span class='ocrx_word' id='word_1_131' title='bbox 682 2424 896 2486; x_wconf 75' lang='lat' dir='ltr'><strong>secutis,</strong></span> <span class='ocrx_word' id='word_1_132' title='bbox 913 2425 980 2474; x_wconf 82' lang='lat' dir='ltr'><strong>ob</strong></span> <span class='ocrx_word' id='word_1_133' title='bbox 998 2426 1134 2475; x_wconf 86' lang='lat' dir='ltr'><strong>diem</strong></span> <span class='ocrx_word' id='word_1_134' title='bbox 1153 2440 1330 2491; x_wconf 88' lang='lat' dir='ltr'><strong>nuum,</strong></span> 
     </span>
     <span class='ocr_line' id='line_1_27' title="bbox 263 2496 1328 2569; baseline 0.007 -22"><span class='ocrx_word' id='word_1_135' title='bbox 263 2496 418 2560; x_wconf 83' lang='lat' dir='ltr'><strong>cujus</strong></span> <span class='ocrx_word' id='word_1_136' title='bbox 463 2497 618 2548; x_wconf 85' lang='lat' dir='ltr'><strong>obliti</strong></span> <span class='ocrx_word' id='word_1_137' title='bbox 667 2508 835 2562; x_wconf 81' lang='lat' dir='ltr'><strong>erant,</strong></span> <span class='ocrx_word' id='word_1_138' title='bbox 866 2515 967 2549; x_wconf 88' lang='lat' dir='ltr'><strong>nou</strong></span> <span class='ocrx_word' id='word_1_139' title='bbox 1005 2516 1087 2562; x_wconf 83' lang='lat' dir='ltr'><strong>ea,</strong></span> <span class='ocrx_word' id='word_1_140' title='bbox 1119 2518 1234 2569; x_wconf 77' lang='lat' dir='ltr'><strong>quae</strong></span> <span class='ocrx_word' id='word_1_141' title='bbox 1276 2514 1328 2555; x_wconf 80' lang='lat' dir='ltr'><strong>et</strong></span> 
     </span>
     <span class='ocr_line' id='line_1_28' title="bbox 265 2575 1330 2642; baseline 0.006 -16"><span class='ocrx_word' id='word_1_142' title='bbox 265 2575 494 2636; x_wconf 69' lang='lat' dir='ltr'><strong>Grecis,</strong></span> <span class='ocrx_word' id='word_1_143' title='bbox 514 2584 753 2629; x_wconf 79' lang='lat' dir='ltr'><strong>constare</strong></span> <span class='ocrx_word' id='word_1_144' title='bbox 783 2580 955 2642; x_wconf 87' lang='lat' dir='ltr'><strong>potuit</strong></span> <span class='ocrx_word' id='word_1_145' title='bbox 981 2578 1330 2632; x_wconf 74' lang='lat' dir='ltr'><strong>intercalandi</strong></span> 
     </span>
     <span class='ocr_line' id='line_1_29' title="bbox 264 2653 1329 2724; baseline 0.008 -23"><span class='ocrx_word' id='word_1_146' title='bbox 264 2653 424 2702; x_wconf 88' lang='lat' dir='ltr'><strong>ratio.</strong></span> <span class='ocrx_word' id='word_1_147' title='bbox 487 2653 610 2705; x_wconf 78' lang='lat' dir='ltr'><strong>Quo</strong></span> <span class='ocrx_word' id='word_1_148' title='bbox 655 2664 840 2718; x_wconf 81' lang='lat' dir='ltr'><strong>postea</strong></span> <span class='ocrx_word' id='word_1_149' title='bbox 883 2670 1062 2706; x_wconf 84' lang='lat' dir='ltr'><strong>errore</strong></span> <span class='ocrx_word' id='word_1_150' title='bbox 1099 2659 1329 2724; x_wconf 79' lang='lat' dir='ltr'><strong>cognito,</strong></span> 
     </span>
     <span class='ocr_line' id='line_1_30' title="bbox 261 2729 1329 2798; baseline 0.006 -18"><span class='ocrx_word' id='word_1_151' title='bbox 261 2729 510 2780; x_wconf 80' lang='lat' dir='ltr'><strong>Numane</strong></span> <span class='ocrx_word' id='word_1_152' title='bbox 533 2732 700 2781; x_wconf 83' lang='lat' dir='ltr'><strong>adlmc</strong></span> <span class='ocrx_word' id='word_1_153' title='bbox 716 2743 971 2796; x_wconf 74' lang='lat' dir='ltr'><strong>regnante</strong></span> <span class='ocrx_word' id='word_1_154' title='bbox 987 2749 1167 2798; x_wconf 84' lang='lat' dir='ltr'><strong>parum</strong></span> <span class='ocrx_word' id='word_1_155' title='bbox 1189 2750 1329 2786; x_wconf 91' lang='lat' dir='ltr'><strong>com·</strong></span> 
     </span>
     <span class='ocr_line' id='line_1_31' title="bbox 259 2808 1328 2879; baseline 0.009 -25"><span class='ocrx_word' id='word_1_156' title='bbox 259 2817 476 2870; x_wconf 78' lang='lat' dir='ltr'><strong>pertum</strong></span> <span class='ocrx_word' id='word_1_157' title='bbox 509 2808 698 2871; x_wconf 72' lang='lat' dir='ltr'><strong>habeo,</strong></span> <span class='ocrx_word' id='word_1_158' title='bbox 731 2811 856 2861; x_wconf 82' lang='lat' dir='ltr'><strong>satis</strong></span> <span class='ocrx_word' id='word_1_159' title='bbox 897 2819 1125 2876; x_wconf 87' lang='lat' dir='ltr'><strong>constat,</strong></span> <span class='ocrx_word' id='word_1_160' title='bbox 1151 2813 1328 2879; x_wconf 83' lang='lat' dir='ltr'><strong>hujus-</strong></span> 
     </span>
     <span class='ocr_line' id='line_1_32' title="bbox 261 2885 1328 2946; baseline 0.008 -14"><span class='ocrx_word' id='word_1_161' title='bbox 261 2885 402 2932; x_wconf 83' lang='lat' dir='ltr'><strong>modi</strong></span> <span class='ocrx_word' id='word_1_162' title='bbox 429 2887 841 2936; x_wconf 84' lang='lat' dir='ltr'><strong>emendationem</strong></span> <span class='ocrx_word' id='word_1_163' title='bbox 873 2887 1156 2946; x_wconf 85' lang='lat' dir='ltr'><strong>inductam,</strong></span> <span class='ocrx_word' id='word_1_164' title='bbox 1191 2891 1328 2940; x_wconf 86' lang='lat' dir='ltr'><strong>utin</strong></span> 
     </span>
     <span class='ocr_line' id='line_1_33' title="bbox 259 2960 1328 3032; baseline 0.008 -24"><span class='ocrx_word' id='word_1_165' title='bbox 259 2960 428 3010; x_wconf 85' lang='lat' dir='ltr'><strong>tertio</strong></span> <span class='ocrx_word' id='word_1_166' title='bbox 449 2975 655 3026; x_wconf 82' lang='lat' dir='ltr'><strong>quoqne</strong></span> <span class='ocrx_word' id='word_1_167' title='bbox 675 2963 936 3027; x_wconf 86' lang='lat' dir='ltr'><strong>octennio,</strong></span> <span class='ocrx_word' id='word_1_168' title='bbox 954 2965 1005 3014; x_wconf 89' lang='lat' dir='ltr'><strong>id</strong></span> <span class='ocrx_word' id='word_1_169' title='bbox 1023 2973 1123 3021; x_wconf 85' lang='lat' dir='ltr'><strong>est,</strong></span> <span class='ocrx_word' id='word_1_170' title='bbox 1139 2975 1328 3032; x_wconf 86' lang='lat' dir='ltr'><strong>quarto</strong></span> 
     </span>
     <span class='ocr_line' id='line_1_34' title="bbox 259 3037 1325 3104; baseline 0.008 -19"><span class='ocrx_word' id='word_1_171' title='bbox 259 3043 316 3085; x_wconf 89' lang='lat' dir='ltr'><strong>et</strong></span> <span class='ocrx_word' id='word_1_172' title='bbox 339 3037 591 3087; x_wconf 79' lang='lat' dir='ltr'><strong>vicesimo</strong></span> <span class='ocrx_word' id='word_1_173' title='bbox 611 3052 815 3103; x_wconf 77' lang='lat' dir='ltr'><strong>qnoque</strong></span> <span class='ocrx_word' id='word_1_174' title='bbox 849 3055 1005 3104; x_wconf 84' lang='lat' dir='ltr'><strong>auno,</strong></span> <span class='ocrx_word' id='word_1_175' title='bbox 1041 3056 1144 3091; x_wconf 87' lang='lat' dir='ltr'><strong>non</strong></span> <span class='ocrx_word' id='word_1_176' title='bbox 1168 3057 1325 3094; x_wconf 83' lang='lat' dir='ltr'><strong>nona-</strong></span> 
     </span>
     <span class='ocr_line' id='line_1_35' title="bbox 257 3115 1326 3183; baseline 0.007 -19"><span class='ocrx_word' id='word_1_177' title='bbox 257 3115 428 3178; x_wconf 69' lang='lat' dir='ltr'><strong>ginta,</strong></span> <span class='ocrx_word' id='word_1_178' title='bbox 451 3116 546 3165; x_wconf 83' lang='lat' dir='ltr'><strong>sed</strong></span> <span class='ocrx_word' id='word_1_179' title='bbox 584 3130 678 3164; x_wconf 82' lang='lat' dir='ltr'><strong>sex</strong></span> <span class='ocrx_word' id='word_1_180' title='bbox 707 3125 765 3166; x_wconf 89' lang='lat' dir='ltr'><strong>et</strong></span> <span class='ocrx_word' id='word_1_181' title='bbox 801 3119 1074 3183; x_wconf 78' lang='lat' dir='ltr'><strong>sexaginta</strong></span> <span class='ocrx_word' id='word_1_182' title='bbox 1102 3121 1216 3171; x_wconf 87' lang='lat' dir='ltr'><strong>dies</strong></span> <span class='ocrx_word' id='word_1_183' title='bbox 1249 3121 1326 3171; x_wconf 89' lang='lat' dir='ltr'><strong>ln·</strong></span> 
     </span>
     <span class='ocr_line' id='line_1_36' title="bbox 260 3193 1322 3260; baseline 0.007 -19"><span class='ocrx_word' id='word_1_184' title='bbox 260 3193 668 3243; x_wconf 80' lang='lat' dir='ltr'><strong>tercalareutur.</strong></span> <span class='ocrx_word' id='word_1_185' title='bbox 733 3194 1002 3258; x_wconf 84' lang='lat' dir='ltr'><strong>Siquidem</strong></span> <span class='ocrx_word' id='word_1_186' title='bbox 1031 3210 1322 3260; x_wconf 70' lang='lat' dir='ltr'><strong>nonagena-</strong></span> 
     </span>
     <span class='ocr_line' id='line_1_37' title="bbox 257 3268 1322 3338; baseline 0.008 -20"><span class='ocrx_word' id='word_1_187' title='bbox 257 3268 394 3318; x_wconf 87' lang='lat' dir='ltr'><strong>rium</strong></span> <span class='ocrx_word' id='word_1_188' title='bbox 419 3282 688 3318; x_wconf 86' lang='lat' dir='ltr'><strong>numerum</strong></span> <span class='ocrx_word' id='word_1_189' title='bbox 710 3271 995 3335; x_wconf 83' lang='lat' dir='ltr'><strong>explebant</strong></span> <span class='ocrx_word' id='word_1_190' title='bbox 1016 3281 1236 3338; x_wconf 83' lang='lat' dir='ltr'><strong>quatuor</strong></span> <span class='ocrx_word' id='word_1_191' title='bbox 1250 3277 1322 3326; x_wconf 90' lang='lat' dir='ltr'><strong>illi</strong></span> 
     </span>
     <span class='ocr_line' id='line_1_38' title="bbox 259 3345 1322 3414; baseline 0.008 -21"><span class='ocrx_word' id='word_1_192' title='bbox 259 3354 314 3394; x_wconf 80' lang='lat' dir='ltr'><strong>et</strong></span> <span class='ocrx_word' id='word_1_193' title='bbox 335 3357 440 3394; x_wconf 83' lang='lat' dir='ltr'><strong>xx.</strong></span> <span class='ocrx_word' id='word_1_194' title='bbox 462 3345 597 3407; x_wconf 89' lang='lat' dir='ltr'><strong>dies,</strong></span> <span class='ocrx_word' id='word_1_195' title='bbox 619 3347 708 3412; x_wconf 88' lang='lat' dir='ltr'><strong>qui</strong></span> <span class='ocrx_word' id='word_1_196' title='bbox 739 3349 1012 3413; x_wconf 84' lang='lat' dir='ltr'><strong>quotannis</strong></span> <span class='ocrx_word' id='word_1_197' title='bbox 1042 3352 1234 3414; x_wconf 78' lang='lat' dir='ltr'><strong>singuli</strong></span> <span class='ocrx_word' id='word_1_198' title='bbox 1267 3352 1322 3402; x_wconf 87' lang='lat' dir='ltr'><strong>in</strong></span> 
     </span>
     <span class='ocr_line' id='line_1_39' title="bbox 257 3419 1322 3489; baseline 0.007 -19"><span class='ocrx_word' id='word_1_199' title='bbox 257 3419 510 3470; x_wconf 73' lang='lat' dir='ltr'><strong>honorem</strong></span> <span class='ocrx_word' id='word_1_200' title='bbox 541 3421 752 3486; x_wconf 84' lang='lat' dir='ltr'><strong>imparis</strong></span> <span class='ocrx_word' id='word_1_201' title='bbox 776 3424 978 3474; x_wconf 85' lang='lat' dir='ltr'><strong>numeri</strong></span> <span class='ocrx_word' id='word_1_202' title='bbox 1011 3425 1322 3489; x_wconf 83' lang='lat' dir='ltr'><strong>adjicieban-</strong></span> 
     </span>
     <span class='ocr_line' id='line_1_40' title="bbox 259 3498 1321 3567; baseline 0.007 -21"><span class='ocrx_word' id='word_1_203' title='bbox 259 3503 364 3546; x_wconf 88' lang='lat' dir='ltr'><strong>tnr.</strong></span> <span class='ocrx_word' id='word_1_204' title='bbox 431 3498 642 3548; x_wconf 78' lang='lat' dir='ltr'><strong>Etenim</strong></span> <span class='ocrx_word' id='word_1_205' title='bbox 665 3499 752 3548; x_wconf 86' lang='lat' dir='ltr'><strong>ille</strong></span> <span class='ocrx_word' id='word_1_206' title='bbox 773 3500 906 3564; x_wconf 86' lang='lat' dir='ltr'><strong>dies,</strong></span> <span class='ocrx_word' id='word_1_207' title='bbox 925 3507 984 3550; x_wconf 85' lang='lat' dir='ltr'><strong>ut</strong></span> <span class='ocrx_word' id='word_1_208' title='bbox 1005 3500 1135 3563; x_wconf 76' lang='lat' dir='ltr'><strong>dixi,</strong></span> <span class='ocrx_word' id='word_1_209' title='bbox 1149 3515 1321 3567; x_wconf 84' lang='lat' dir='ltr'><strong>neque</strong></span> 
     </span>
     <span class='ocr_line' id='line_1_41' title="bbox 255 3573 1320 3643; baseline 0.007 -21"><span class='ocrx_word' id='word_1_210' title='bbox 255 3573 428 3624; x_wconf 79' lang='lat' dir='ltr'><strong>lunari</strong></span> <span class='ocrx_word' id='word_1_211' title='bbox 453 3573 640 3622; x_wconf 79' lang='lat' dir='ltr'><strong>rationi</strong></span> <span class='ocrx_word' id='word_1_212' title='bbox 665 3575 889 3625; x_wconf 76' lang='lat' dir='ltr'><strong>adscribi</strong></span> <span class='ocrx_word' id='word_1_213' title='bbox 923 3577 1114 3640; x_wconf 84' lang='lat' dir='ltr'><strong>potnit,</strong></span> <span class='ocrx_word' id='word_1_214' title='bbox 1145 3592 1320 3643; x_wconf 84' lang='lat' dir='ltr'><strong>neque</strong></span> 
     </span>
     <span class='ocr_line' id='line_1_42' title="bbox 256 3650 1320 3706; baseline 0.005 -5"><span class='ocrx_word' id='word_1_215' title='bbox 256 3650 568 3702; x_wconf 73' lang='lat' dir='ltr'><strong>Graecorum</strong></span> <span class='ocrx_word' id='word_1_216' title='bbox 605 3651 985 3702; x_wconf 72' lang='lat' dir='ltr'><strong>intercalationi</strong></span> <span class='ocrx_word' id='word_1_217' title='bbox 1017 3661 1132 3704; x_wconf 84' lang='lat' dir='ltr'><strong>erat</strong></span> <span class='ocrx_word' id='word_1_218' title='bbox 1156 3655 1320 3706; x_wconf 77' lang='lat' dir='ltr'><strong>inscr-</strong></span> 
     </span>
     <span class='ocr_line' id='line_1_43' title="bbox 255 3727 1319 3791; baseline 0.008 -17"><span class='ocrx_word' id='word_1_219' title='bbox 255 3733 363 3783; x_wconf 82' lang='lat' dir='ltr'><strong>tus‚</strong></span> <span class='ocrx_word' id='word_1_220' title='bbox 389 3727 482 3775; x_wconf 83' lang='lat' dir='ltr'><strong>sed</strong></span> <span class='ocrx_word' id='word_1_221' title='bbox 508 3741 878 3791; x_wconf 80' lang='lat' dir='ltr'><strong>supervacuus,</strong></span> <span class='ocrx_word' id='word_1_222' title='bbox 899 3744 998 3780; x_wconf 89' lang='lat' dir='ltr'><strong>nec</strong></span> <span class='ocrx_word' id='word_1_223' title='bbox 1019 3730 1319 3783; x_wconf 80' lang='lat' dir='ltr'><strong>intellectus</strong></span> 
     </span>
     <span class='ocr_line' id='line_1_44' title="bbox 255 3803 1320 3868; baseline 0.006 -14"><span class='ocrx_word' id='word_1_224' title='bbox 255 3803 578 3868; x_wconf 77' lang='lat' dir='ltr'><strong>aliquamdiu</strong></span> <span class='ocrx_word' id='word_1_225' title='bbox 619 3805 860 3856; x_wconf 84' lang='lat' dir='ltr'><strong>Romanis</strong></span> <span class='ocrx_word' id='word_1_226' title='bbox 897 3804 1138 3858; x_wconf 71' lang='lat' dir='ltr'><strong>fluiaerat.</strong></span> <span class='ocrx_word' id='word_1_227' title='bbox 1203 3811 1320 3860; x_wconf 87' lang='lat' dir='ltr'><strong>Erit</strong></span> 
     </span>
     <span class='ocr_line' id='line_1_45' title="bbox 253 3880 1320 3945; baseline 0.007 -15"><span class='ocrx_word' id='word_1_228' title='bbox 253 3881 438 3945; x_wconf 78' lang='lat' dir='ltr'><strong>igitur,</strong></span> <span class='ocrx_word' id='word_1_229' title='bbox 463 3881 516 3930; x_wconf 88' lang='lat' dir='ltr'><strong>ni</strong></span> <span class='ocrx_word' id='word_1_230' title='bbox 551 3880 720 3944; x_wconf 82' lang='lat' dir='ltr'><strong>fallor,</strong></span> <span class='ocrx_word' id='word_1_231' title='bbox 753 3897 880 3932; x_wconf 80' lang='lat' dir='ltr'><strong>vera</strong></span> <span class='ocrx_word' id='word_1_232' title='bbox 909 3883 1046 3934; x_wconf 85' lang='lat' dir='ltr'><strong>Livii</strong></span> <span class='ocrx_word' id='word_1_233' title='bbox 1079 3888 1320 3936; x_wconf 87' lang='lat' dir='ltr'><strong>emenda-</strong></span> 
     </span>
     <span class='ocr_line' id='line_1_46' title="bbox 254 3957 1320 4024; baseline 0.005 -15"><span class='ocrx_word' id='word_1_234' title='bbox 254 3965 416 4024; x_wconf 81' lang='lat' dir='ltr'><strong>taque</strong></span> <span class='ocrx_word' id='word_1_235' title='bbox 437 3957 597 4008; x_wconf 86' lang='lat' dir='ltr'><strong>lectio</strong></span> <span class='ocrx_word' id='word_1_236' title='bbox 615 3959 832 4016; x_wconf 65' lang='lat' dir='ltr'><strong>tricesim</strong></span> <span class='ocrx_word' id='word_1_237' title='bbox 845 3967 1014 4024; x_wconf 76' lang='lat' dir='ltr'><strong>quarto</strong></span> <span class='ocrx_word' id='word_1_238' title='bbox 1033 3977 1170 4011; x_wconf 76' lang='lat' dir='ltr'><strong>uano.</strong></span> <span class='ocrx_word' id='word_1_239' title='bbox 1205 3964 1320 4014; x_wconf 87' lang='lat' dir='ltr'><strong>Nec</strong></span> 
     </span>
     <span class='ocr_line' id='line_1_47' title="bbox 252 4035 1318 4100; baseline 0.007 -16"><span class='ocrx_word' id='word_1_240' title='bbox 252 4035 455 4098; x_wconf 79' lang='lat' dir='ltr'><strong>obstat,</strong></span> <span class='ocrx_word' id='word_1_241' title='bbox 497 4035 636 4100; x_wconf 87' lang='lat' dir='ltr'><strong>quod</strong></span> <span class='ocrx_word' id='word_1_242' title='bbox 687 4037 864 4087; x_wconf 75' lang='lat' dir='ltr'><strong>Livius</strong></span> <span class='ocrx_word' id='word_1_243' title='bbox 909 4039 1318 4091; x_wconf 86' lang='lat' dir='ltr'><strong>intercalationis</strong></span> 
     </span>
     <span class='ocr_line' id='line_1_48' title="bbox 254 4112 1317 4183; baseline 0.009 -24"><span class='ocrx_word' id='word_1_244' title='bbox 254 4113 392 4160; x_wconf 86' lang='lat' dir='ltr'><strong>illius</strong></span> <span class='ocrx_word' id='word_1_245' title='bbox 417 4112 640 4162; x_wconf 81' lang='lat' dir='ltr'><strong>Numam</strong></span> <span class='ocrx_word' id='word_1_246' title='bbox 663 4119 928 4164; x_wconf 76' lang='lat' dir='ltr'><strong>auctorem</strong></span> <span class='ocrx_word' id='word_1_247' title='bbox 962 4115 1176 4183; x_wconf 82' lang='lat' dir='ltr'><strong>dixerit,</strong></span> <span class='ocrx_word' id='word_1_248' title='bbox 1199 4132 1317 4170; x_wconf 85' lang='lat' dir='ltr'><strong>cum</strong></span> 
     </span>
     <span class='ocr_line' id='line_1_49' title="bbox 253 4187 1320 4261; baseline 0.009 -25"><span class='ocrx_word' id='word_1_249' title='bbox 253 4187 560 4236; x_wconf 78' lang='lat' dir='ltr'><strong>Macrobius</strong></span> <span class='ocrx_word' id='word_1_250' title='bbox 577 4188 992 4242; x_wconf 83' lang='lat' dir='ltr'><strong>emendationem</strong></span> <span class='ocrx_word' id='word_1_251' title='bbox 1005 4193 1144 4243; x_wconf 88' lang='lat' dir='ltr'><strong>illam</strong></span> <span class='ocrx_word' id='word_1_252' title='bbox 1159 4209 1320 4261; x_wconf 87' lang='lat' dir='ltr'><strong>quan·</strong></span> 
     </span>
     <span class='ocr_line' id='line_1_50' title="bbox 253 4263 1315 4337; baseline 0.01 -23"><span class='ocrx_word' id='word_1_253' title='bbox 253 4263 372 4316; x_wconf 81' lang='lat' dir='ltr'><strong>dam</strong></span> <span class='ocrx_word' id='word_1_254' title='bbox 412 4263 578 4316; x_wconf 80' lang='lat' dir='ltr'><strong>fuisse</strong></span> <span class='ocrx_word' id='word_1_255' title='bbox 623 4267 821 4319; x_wconf 86' lang='lat' dir='ltr'><strong>innuat.</strong></span> <span class='ocrx_word' id='word_1_256' title='bbox 881 4269 1150 4337; x_wconf 70' lang='lat' dir='ltr'><strong>Siquidem</strong></span> <span class='ocrx_word' id='word_1_257' title='bbox 1196 4274 1315 4324; x_wconf 87' lang='lat' dir='ltr'><strong>talis</strong></span> 
     </span>
     <span class='ocr_line' id='line_1_51' title="bbox 251 4339 1316 4418; baseline 0.011 -27"><span class='ocrx_word' id='word_1_258' title='bbox 251 4339 604 4418; x_wconf 72' lang='lat' dir='ltr'><strong>intercalandi</strong></span> <span class='ocrx_word' id='word_1_259' title='bbox 628 4345 764 4398; x_wconf 88' lang='lat' dir='ltr'><strong>ratio</strong></span> <span class='ocrx_word' id='word_1_260' title='bbox 785 4346 852 4400; x_wconf 81' lang='lat' dir='ltr'><strong>ab</strong></span> <span class='ocrx_word' id='word_1_261' title='bbox 865 4361 930 4400; x_wconf 82' lang='lat' dir='ltr'><strong>eo</strong></span> <span class='ocrx_word' id='word_1_262' title='bbox 947 4347 1190 4415; x_wconf 80' lang='lat' dir='ltr'><strong>profecta</strong></span> <span class='ocrx_word' id='word_1_263' title='bbox 1200 4356 1280 4403; x_wconf 86' lang='lat' dir='ltr'><strong>est</strong></span> <span class='ocrx_word' id='word_1_264' title='bbox 1298 4364 1316 4415; x_wconf 69' lang='grc' dir='ltr'>ς</span> 
     </span>
    </p>
   </div>
   <div class='ocr_carea' id='block_1_3' title="bbox 2312 425 2489 493">
    <p class='ocr_par' dir='ltr' id='par_1_3' title="bbox 2312 425 2489 493">
     <span class='ocr_line' id='line_1_52' title="bbox 2312 425 2489 493; baseline 0.011 -2"><span class='ocrx_word' id='word_1_265' title='bbox 2312 425 2489 493; x_wconf 85' lang='grc'>6149</span> 
     </span>
    </p>
   </div>
   <div class='ocr_carea' id='block_1_4' title="bbox 1401 578 2485 2949">
    <p class='ocr_par' dir='ltr' id='par_1_4' title="bbox 1401 578 2485 2949">
     <span class='ocr_line' id='line_1_53' title="bbox 1422 578 2485 647; baseline 0.006 -18"><span class='ocrx_word' id='word_1_266' title='bbox 1422 578 1518 629; x_wconf 83' lang='lat' dir='ltr'><strong>sed</strong></span> <span class='ocrx_word' id='word_1_267' title='bbox 1539 579 1651 629; x_wconf 82' lang='lat' dir='ltr'><strong>sive</strong></span> <span class='ocrx_word' id='word_1_268' title='bbox 1668 580 1863 644; x_wconf 85' lang='lat' dir='ltr'><strong>Numa,</strong></span> <span class='ocrx_word' id='word_1_269' title='bbox 1880 582 1989 633; x_wconf 81' lang='lat' dir='ltr'><strong>sive</strong></span> <span class='ocrx_word' id='word_1_270' title='bbox 2004 582 2093 633; x_wconf 88' lang='lat' dir='ltr'><strong>alli</strong></span> <span class='ocrx_word' id='word_1_271' title='bbox 2108 589 2295 647; x_wconf 83' lang='lat' dir='ltr'><strong>postea</strong></span> <span class='ocrx_word' id='word_1_272' title='bbox 2310 598 2485 636; x_wconf 85' lang='lat' dir='ltr'><strong>emen-</strong></span> 
     </span>
     <span class='ocr_line' id='line_1_54' title="bbox 1423 654 2484 721; baseline 0.008 -16"><span class='ocrx_word' id='word_1_273' title='bbox 1423 654 1618 719; x_wconf 86' lang='lat' dir='ltr'><strong>darint,</strong></span> <span class='ocrx_word' id='word_1_274' title='bbox 1631 656 1759 721; x_wconf 86' lang='lat' dir='ltr'><strong>jure</strong></span> <span class='ocrx_word' id='word_1_275' title='bbox 1779 656 1831 706; x_wconf 87' lang='lat' dir='ltr'><strong>id</strong></span> <span class='ocrx_word' id='word_1_276' title='bbox 1857 664 2025 709; x_wconf 89' lang='lat' dir='ltr'><strong>totum</strong></span> <span class='ocrx_word' id='word_1_277' title='bbox 2058 661 2259 710; x_wconf 86' lang='lat' dir='ltr'><strong>auctori</strong></span> <span class='ocrx_word' id='word_1_278' title='bbox 2285 660 2484 713; x_wconf 83' lang='lat' dir='ltr'><strong>referas</strong></span> 
     </span>
     <span class='ocr_line' id='line_1_55' title="bbox 1421 732 2484 796; baseline 0.007 -15"><span class='ocrx_word' id='word_1_279' title='bbox 1421 742 1715 796; x_wconf 86' lang='lat' dir='ltr'><strong>acceptum.</strong></span> <span class='ocrx_word' id='word_1_280' title='bbox 1728 732 1909 784; x_wconf 70' lang='lat' dir='ltr'><strong>Sabell·</strong></span> <span class='ocrx_word' id='word_1_281' title='bbox 1930 735 2010 785; x_wconf 88' lang='grc' dir='ltr'><strong>Μ.</strong></span> <span class='ocrx_word' id='word_1_282' title='bbox 2027 735 2153 787; x_wconf 78' lang='lat' dir='ltr'><strong>Ant.</strong></span> <span class='ocrx_word' id='word_1_283' title='bbox 2174 737 2371 787; x_wconf 86' lang='lat' dir='ltr'><strong>Sabell.</strong></span> <span class='ocrx_word' id='word_1_284' title='bbox 2390 740 2484 788; x_wconf 83' lang='lat' dir='ltr'><strong>hn-</strong></span> 
     </span>
     <span class='ocr_line' id='line_1_56' title="bbox 1411 807 2483 877; baseline 0.008 -21"><span class='ocrx_word' id='word_1_285' title='bbox 1411 807 1501 872; x_wconf 84' lang='lat' dir='ltr'><strong>jus</strong></span> <span class='ocrx_word' id='word_1_286' title='bbox 1527 810 1626 860; x_wconf 88' lang='lat' dir='ltr'><strong>loci</strong></span> <span class='ocrx_word' id='word_1_287' title='bbox 1650 810 2023 861; x_wconf 76' lang='lat' dir='ltr'><strong>obscuritatem</strong></span> <span class='ocrx_word' id='word_1_288' title='bbox 2046 812 2261 875; x_wconf 86' lang='lat' dir='ltr'><strong>primus,</strong></span> <span class='ocrx_word' id='word_1_289' title='bbox 2286 822 2344 863; x_wconf 88' lang='lat' dir='ltr'><strong>ut</strong></span> <span class='ocrx_word' id='word_1_290' title='bbox 2371 816 2483 877; x_wconf 86' lang='lat' dir='ltr'><strong>opi-</strong></span> 
     </span>
     <span class='ocr_line' id='line_1_57' title="bbox 1419 887 2483 956; baseline 0.008 -23"><span class='ocrx_word' id='word_1_291' title='bbox 1419 898 1534 941; x_wconf 86' lang='lat' dir='ltr'><strong>nor,</strong></span> <span class='ocrx_word' id='word_1_292' title='bbox 1571 891 1629 935; x_wconf 87' lang='lat' dir='ltr'><strong>et</strong></span> <span class='ocrx_word' id='word_1_293' title='bbox 1656 887 1834 951; x_wconf 83' lang='lat' dir='ltr'><strong>sensit,</strong></span> <span class='ocrx_word' id='word_1_294' title='bbox 1874 894 1949 948; x_wconf 89' lang='lat' dir='ltr'><strong>et,</strong></span> <span class='ocrx_word' id='word_1_295' title='bbox 1982 895 2043 937; x_wconf 89' lang='lat' dir='ltr'><strong>ut</strong></span> <span class='ocrx_word' id='word_1_296' title='bbox 2070 889 2185 956; x_wconf 82' lang='lat' dir='ltr'><strong>ipse</strong></span> <span class='ocrx_word' id='word_1_297' title='bbox 2212 890 2308 939; x_wconf 85' lang='lat' dir='ltr'><strong>sibi</strong></span> <span class='ocrx_word' id='word_1_298' title='bbox 2347 892 2483 941; x_wconf 82' lang='lat' dir='ltr'><strong>visus</strong></span> 
     </span>
     <span class='ocr_line' id='line_1_58' title="bbox 1418 964 2482 1029; baseline 0.008 -20"><span class='ocrx_word' id='word_1_299' title='bbox 1418 968 1520 1018; x_wconf 81' lang='lat' dir='ltr'><strong>est,</strong></span> <span class='ocrx_word' id='word_1_300' title='bbox 1553 964 1783 1013; x_wconf 80' lang='lat' dir='ltr'><strong>sustulit.</strong></span> <span class='ocrx_word' id='word_1_301' title='bbox 1849 964 2019 1029; x_wconf 86' lang='lat' dir='ltr'><strong>Cujus</strong></span> <span class='ocrx_word' id='word_1_302' title='bbox 2058 966 2153 1015; x_wconf 76' lang='lat' dir='ltr'><strong>viri</strong></span> <span class='ocrx_word' id='word_1_303' title='bbox 2193 970 2482 1019; x_wconf 87' lang='lat' dir='ltr'><strong>auctoritas</strong></span> 
     </span>
     <span class='ocr_line' id='line_1_59' title="bbox 1418 1041 2482 1105; baseline 0.007 -17"><span class='ocrx_word' id='word_1_304' title='bbox 1418 1045 1621 1089; x_wconf 79' lang='lat' dir='ltr'><strong>tantum</strong></span> <span class='ocrx_word' id='word_1_305' title='bbox 1646 1041 1833 1103; x_wconf 79' lang='lat' dir='ltr'><strong>valuit,</strong></span> <span class='ocrx_word' id='word_1_306' title='bbox 1862 1048 1923 1091; x_wconf 87' lang='lat' dir='ltr'><strong>ut</strong></span> <span class='ocrx_word' id='word_1_307' title='bbox 1962 1049 2084 1105; x_wconf 87' lang='lat' dir='ltr'><strong>post</strong></span> <span class='ocrx_word' id='word_1_308' title='bbox 2108 1056 2227 1092; x_wconf 90' lang='lat' dir='ltr'><strong>eum</strong></span> <span class='ocrx_word' id='word_1_309' title='bbox 2251 1042 2402 1093; x_wconf 85' lang='lat' dir='ltr'><strong>Glar.</strong></span> <span class='ocrx_word' id='word_1_310' title='bbox 2422 1050 2482 1095; x_wconf 87' lang='lat' dir='ltr'><strong>et</strong></span> 
     </span>
     <span class='ocr_line' id='line_1_60' title="bbox 1416 1116 2483 1184; baseline 0.006 -20"><span class='ocrx_word' id='word_1_311' title='bbox 1416 1116 1604 1179; x_wconf 86' lang='lat' dir='ltr'><strong>ceteri,</strong></span> <span class='ocrx_word' id='word_1_312' title='bbox 1639 1117 1729 1181; x_wconf 86' lang='lat' dir='ltr'><strong>qui</strong></span> <span class='ocrx_word' id='word_1_313' title='bbox 1765 1118 1901 1167; x_wconf 79' lang='lat' dir='ltr'><strong>hunc</strong></span> <span class='ocrx_word' id='word_1_314' title='bbox 1945 1117 2117 1167; x_wconf 83' lang='lat' dir='ltr'><strong>locum</strong></span> <span class='ocrx_word' id='word_1_315' title='bbox 2170 1120 2483 1184; x_wconf 77' lang='lat' dir='ltr'><strong>attigerunt,</strong></span> 
     </span>
     <span class='ocr_line' id='line_1_61' title="bbox 1415 1192 2480 1261; baseline 0.006 -20"><span class='ocrx_word' id='word_1_316' title='bbox 1415 1192 1641 1243; x_wconf 85' lang='lat' dir='ltr'><strong>eundem</strong></span> <span class='ocrx_word' id='word_1_317' title='bbox 1664 1194 1759 1253; x_wconf 87' lang='lat' dir='ltr'><strong>ita,</strong></span> <span class='ocrx_word' id='word_1_318' title='bbox 1793 1196 1957 1245; x_wconf 78' lang='lat' dir='ltr'><strong>utillo</strong></span> <span class='ocrx_word' id='word_1_319' title='bbox 1977 1194 2297 1258; x_wconf 84' lang='lat' dir='ltr'><strong>ostenderat,</strong></span> <span class='ocrx_word' id='word_1_320' title='bbox 2320 1210 2480 1261; x_wconf 85' lang='lat' dir='ltr'><strong>expo·</strong></span> 
     </span>
     <span class='ocr_line' id='line_1_62' title="bbox 1415 1269 2481 1335; baseline 0.008 -19"><span class='ocrx_word' id='word_1_321' title='bbox 1415 1269 1634 1320; x_wconf 84' lang='lat' dir='ltr'><strong>suerint.</strong></span> <span class='ocrx_word' id='word_1_322' title='bbox 1699 1270 1907 1335; x_wconf 80' lang='lat' dir='ltr'><strong>[⁴Glar.</strong></span> <span class='ocrx_word' id='word_1_323' title='bbox 1946 1270 2201 1321; x_wconf 79' lang='lat' dir='ltr'><strong>Macrobii</strong></span> <span class='ocrx_word' id='word_1_324' title='bbox 2240 1272 2481 1324; x_wconf 87' lang='lat' dir='ltr'><strong>traditio·</strong></span> 
     </span>
     <span class='ocr_line' id='line_1_63' title="bbox 1413 1347 2481 1413; baseline 0.003 -18"><span class='ocrx_word' id='word_1_325' title='bbox 1413 1358 1532 1395; x_wconf 87' lang='lat' dir='ltr'><strong>nem</strong></span> <span class='ocrx_word' id='word_1_326' title='bbox 1549 1347 1956 1410; x_wconf 82' lang='lat' dir='ltr'><strong>explicavit‚non</strong></span> <span class='ocrx_word' id='word_1_327' title='bbox 1970 1362 2135 1409; x_wconf 88' lang='lat' dir='ltr'><strong>suam;</strong></span> <span class='ocrx_word' id='word_1_328' title='bbox 2156 1350 2209 1398; x_wconf 90' lang='lat' dir='ltr'><strong>iu</strong></span> <span class='ocrx_word' id='word_1_329' title='bbox 2224 1347 2366 1398; x_wconf 87' lang='lat' dir='ltr'><strong>illum</strong></span> <span class='ocrx_word' id='word_1_330' title='bbox 2382 1348 2481 1413; x_wconf 76' lang='lat' dir='ltr'><strong>igi·</strong></span> 
     </span>
     <span class='ocr_line' id='line_1_64' title="bbox 1416 1424 2479 1491; baseline 0.005 -20"><span class='ocrx_word' id='word_1_331' title='bbox 1416 1431 1502 1471; x_wconf 85' lang='lat' dir='ltr'><strong>tur</strong></span> <span class='ocrx_word' id='word_1_332' title='bbox 1514 1424 1726 1481; x_wconf 88' lang='lat' dir='ltr'><strong>clames,</strong></span> <span class='ocrx_word' id='word_1_333' title='bbox 1738 1430 1970 1488; x_wconf 81' lang='lat' dir='ltr'><strong>oportet,</strong></span> <span class='ocrx_word' id='word_1_334' title='bbox 1979 1438 2083 1475; x_wconf 90' lang='lat' dir='ltr'><strong>non</strong></span> <span class='ocrx_word' id='word_1_335' title='bbox 2095 1425 2479 1491; x_wconf 62' lang='lat' dir='ltr'><strong>Glareanuml]</strong></span> 
     </span>
     <span class='ocr_line' id='line_1_65' title="bbox 1414 1498 2477 1565; baseline 0.005 -15"><span class='ocrx_word' id='word_1_336' title='bbox 1414 1498 1649 1550; x_wconf 83' lang='lat' dir='ltr'><strong>Quorum</strong></span> <span class='ocrx_word' id='word_1_337' title='bbox 1704 1502 2192 1565; x_wconf 82' lang='lat' dir='ltr'><strong>interpretationem</strong></span> <span class='ocrx_word' id='word_1_338' title='bbox 2232 1516 2327 1553; x_wconf 87' lang='lat' dir='ltr'><strong>cur</strong></span> <span class='ocrx_word' id='word_1_339' title='bbox 2378 1502 2477 1555; x_wconf 79' lang='lat' dir='ltr'><strong>hoc</strong></span> 
     </span>
     <span class='ocr_line' id='line_1_66' title="bbox 1413 1574 2477 1645; baseline 0.007 -20"><span class='ocrx_word' id='word_1_340' title='bbox 1413 1574 1619 1627; x_wconf 84' lang='lat' dir='ltr'><strong>demum</strong></span> <span class='ocrx_word' id='word_1_341' title='bbox 1646 1585 1879 1643; x_wconf 85' lang='lat' dir='ltr'><strong>tempore</strong></span> <span class='ocrx_word' id='word_1_342' title='bbox 1902 1594 2031 1631; x_wconf 84' lang='lat' dir='ltr'><strong>unus</strong></span> <span class='ocrx_word' id='word_1_343' title='bbox 2055 1581 2169 1643; x_wconf 81' lang='lat' dir='ltr'><strong>ipse</strong></span> <span class='ocrx_word' id='word_1_344' title='bbox 2190 1580 2477 1645; x_wconf 83' lang='lat' dir='ltr'><strong>repudiem,</strong></span> 
     </span>
     <span class='ocr_line' id='line_1_67' title="bbox 1413 1654 2473 1719; baseline 0.004 -16"><span class='ocrx_word' id='word_1_345' title='bbox 1413 1654 1612 1718; x_wconf 85' lang='lat' dir='ltr'><strong>paucis,</strong></span> <span class='ocrx_word' id='word_1_346' title='bbox 1656 1660 1718 1705; x_wconf 86' lang='lat' dir='ltr'><strong>ut</strong></span> <span class='ocrx_word' id='word_1_347' title='bbox 1762 1656 1979 1719; x_wconf 86' lang='lat' dir='ltr'><strong>institui,</strong></span> <span class='ocrx_word' id='word_1_348' title='bbox 2022 1655 2315 1719; x_wconf 83' lang='lat' dir='ltr'><strong>explicabo.</strong></span> <span class='ocrx_word' id='word_1_349' title='bbox 2364 1657 2473 1708; x_wconf 65' lang='lat' dir='ltr'><strong>‘Sic</strong></span> 
     </span>
     <span class='ocr_line' id='line_1_68' title="bbox 1411 1731 2473 1795; baseline 0.004 -14"><span class='ocrx_word' id='word_1_350' title='bbox 1411 1731 1575 1794; x_wconf 74' lang='lat' dir='ltr'><strong>igitur</strong></span> <span class='ocrx_word' id='word_1_351' title='bbox 1597 1733 1818 1795; x_wconf 83' lang='lat' dir='ltr'><strong>exponit</strong></span> <span class='ocrx_word' id='word_1_352' title='bbox 1836 1732 2029 1783; x_wconf 85' lang='lat' dir='ltr'><strong>Sabell.</strong></span> <span class='ocrx_word' id='word_1_353' title='bbox 2048 1749 2062 1784; x_wconf 69' lang='grc' dir='ltr'><em>ε</em></span> <span class='ocrx_word' id='word_1_354' title='bbox 2096 1747 2214 1783; x_wconf 87' lang='lat' dir='ltr'><strong>cum</strong></span> <span class='ocrx_word' id='word_1_355' title='bbox 2238 1733 2473 1785; x_wconf 84' lang='lat' dir='ltr'><strong>lunarem</strong></span> 
     </span>
     <span class='ocr_line' id='line_1_69' title="bbox 1412 1809 2478 1875; baseline 0.004 -17"><span class='ocrx_word' id='word_1_356' title='bbox 1412 1823 1602 1860; x_wconf 86' lang='lat' dir='ltr'><strong>anuum</strong></span> <span class='ocrx_word' id='word_1_357' title='bbox 1675 1809 1855 1861; x_wconf 85' lang='lat' dir='ltr'><strong>Numa</strong></span> <span class='ocrx_word' id='word_1_358' title='bbox 1916 1824 2020 1861; x_wconf 71' lang='grc' dir='ltr'>ιιι.</span> <span class='ocrx_word' id='word_1_359' title='bbox 2087 1811 2360 1875; x_wconf 83' lang='lat' dir='ltr'><strong>mensium,</strong></span> <span class='ocrx_word' id='word_1_360' title='bbox 2415 1818 2478 1863; x_wconf 91' lang='lat' dir='ltr'><strong>et</strong></span> 
     </span>
     <span class='ocr_line' id='line_1_70' title="bbox 1410 1886 2477 1953; baseline 0.002 -18"><span class='ocrx_word' id='word_1_361' title='bbox 1410 1898 1599 1935; x_wconf 70' lang='lat' dir='ltr'><strong>cccav.</strong></span> <span class='ocrx_word' id='word_1_362' title='bbox 1652 1886 1855 1937; x_wconf 87' lang='lat' dir='ltr'><strong>dierum</strong></span> <span class='ocrx_word' id='word_1_363' title='bbox 1904 1887 2095 1953; x_wconf 83' lang='lat' dir='ltr'><strong>primus</strong></span> <span class='ocrx_word' id='word_1_364' title='bbox 2142 1887 2477 1951; x_wconf 83' lang='lat' dir='ltr'><strong>instituisset,-</strong></span> 
     </span>
     <span class='ocr_line' id='line_1_71' title="bbox 1411 1962 2475 2025; baseline 0.004 -16"><span class='ocrx_word' id='word_1_365' title='bbox 1411 1962 1534 2025; x_wconf 84' lang='lat' dir='ltr'><strong>quia</strong></span> <span class='ocrx_word' id='word_1_366' title='bbox 1555 1976 1673 2012; x_wconf 85' lang='lat' dir='ltr'><strong>cnm</strong></span> <span class='ocrx_word' id='word_1_367' title='bbox 1710 1963 1869 2013; x_wconf 84' lang='lat' dir='ltr'><strong>solari</strong></span> <span class='ocrx_word' id='word_1_368' title='bbox 1909 1978 2025 2013; x_wconf 86' lang='lat' dir='ltr'><strong>eum</strong></span> <span class='ocrx_word' id='word_1_369' title='bbox 2053 1968 2187 2014; x_wconf 79' lang='lat' dir='ltr'><strong>auno</strong></span> <span class='ocrx_word' id='word_1_370' title='bbox 2218 1978 2317 2013; x_wconf 85' lang='lat' dir='ltr'><strong>uon</strong></span> <span class='ocrx_word' id='word_1_371' title='bbox 2347 1977 2475 2013; x_wconf 87' lang='lat' dir='ltr'><strong>cou-</strong></span> 
     </span>
     <span class='ocr_line' id='line_1_72' title="bbox 1409 2037 2475 2103; baseline 0.003 -17"><span class='ocrx_word' id='word_1_372' title='bbox 1409 2037 1586 2087; x_wconf 82' lang='lat' dir='ltr'><strong>venire</strong></span> <span class='ocrx_word' id='word_1_373' title='bbox 1603 2038 1921 2103; x_wconf 80' lang='lat' dir='ltr'><strong>reperiebat,</strong></span> <span class='ocrx_word' id='word_1_374' title='bbox 1935 2039 2022 2103; x_wconf 87' lang='lat' dir='ltr'><strong>qui</strong></span> <span class='ocrx_word' id='word_1_375' title='bbox 2042 2038 2224 2088; x_wconf 84' lang='lat' dir='ltr'><strong>dicbus</strong></span> <span class='ocrx_word' id='word_1_376' title='bbox 2240 2051 2413 2089; x_wconf 72' lang='lat' dir='ltr'><strong>cccnx</strong></span> <span class='ocrx_word' id='word_1_377' title='bbox 2422 2050 2475 2089; x_wconf 76' lang='lat' dir='ltr'><strong>v·</strong></span> 
     </span>
     <span class='ocr_line' id='line_1_73' title="bbox 1408 2114 2474 2182; baseline 0.002 -18"><span class='ocrx_word' id='word_1_378' title='bbox 1408 2120 1466 2164; x_wconf 84' lang='lat' dir='ltr'><strong>et</strong></span> <span class='ocrx_word' id='word_1_379' title='bbox 1512 2114 1808 2180; x_wconf 83' lang='lat' dir='ltr'><strong>quadrante</strong></span> <span class='ocrx_word' id='word_1_380' title='bbox 1851 2115 2146 2179; x_wconf 88' lang='lat' dir='ltr'><strong>conficitur,</strong></span> <span class='ocrx_word' id='word_1_381' title='bbox 2196 2116 2332 2181; x_wconf 81' lang='lat' dir='ltr'><strong>dies,</strong></span> <span class='ocrx_word' id='word_1_382' title='bbox 2380 2116 2474 2182; x_wconf 86' lang='lat' dir='ltr'><strong>qni</strong></span> 
     </span>
     <span class='ocr_line' id='line_1_74' title="bbox 1407 2193 2475 2255; baseline 0.003 -15"><span class='ocrx_word' id='word_1_383' title='bbox 1407 2194 1685 2255; x_wconf 77' lang='lat' dir='ltr'><strong>quotannis</strong></span> <span class='ocrx_word' id='word_1_384' title='bbox 1724 2194 1790 2243; x_wconf 94' lang='lat' dir='ltr'><strong>ad</strong></span> <span class='ocrx_word' id='word_1_385' title='bbox 1826 2194 2007 2243; x_wconf 86' lang='lat' dir='ltr'><strong>solaris</strong></span> <span class='ocrx_word' id='word_1_386' title='bbox 2050 2193 2175 2243; x_wconf 89' lang='lat' dir='ltr'><strong>anui</strong></span> <span class='ocrx_word' id='word_1_387' title='bbox 2218 2194 2475 2244; x_wconf 84' lang='lat' dir='ltr'><strong>rationem</strong></span> 
     </span>
     <span class='ocr_line' id='line_1_75' title="bbox 1406 2266 2470 2335; baseline 0.002 -18"><span class='ocrx_word' id='word_1_388' title='bbox 1406 2266 1644 2328; x_wconf 81' lang='lat' dir='ltr'><strong>deerant,</strong></span> <span class='ocrx_word' id='word_1_389' title='bbox 1704 2284 1922 2335; x_wconf 87' lang='lat' dir='ltr'><strong>quorum</strong></span> <span class='ocrx_word' id='word_1_390' title='bbox 1978 2284 2174 2321; x_wconf 84' lang='lat' dir='ltr'><strong>summa</strong></span> <span class='ocrx_word' id='word_1_391' title='bbox 2218 2268 2470 2333; x_wconf 78' lang='lat' dir='ltr'><strong>vigesimo</strong></span> 
     </span>
     <span class='ocr_line' id='line_1_76' title="bbox 1406 2344 2471 2410; baseline 0 -15"><span class='ocrx_word' id='word_1_392' title='bbox 1406 2360 1614 2410; x_wconf 84' lang='lat' dir='ltr'><strong>quoque</strong></span> <span class='ocrx_word' id='word_1_393' title='bbox 1637 2356 1824 2410; x_wconf 89' lang='lat' dir='ltr'><strong>quarto</strong></span> <span class='ocrx_word' id='word_1_394' title='bbox 1846 2361 1982 2397; x_wconf 82' lang='lat' dir='ltr'><strong>anuo</strong></span> <span class='ocrx_word' id='word_1_395' title='bbox 2007 2353 2122 2397; x_wconf 84' lang='lat' dir='ltr'><strong>erat</strong></span> <span class='ocrx_word' id='word_1_396' title='bbox 2144 2359 2370 2397; x_wconf 69' lang='lat' dir='ltr'><strong>ccaxxv.</strong></span> <span class='ocrx_word' id='word_1_397' title='bbox 2392 2344 2471 2395; x_wconf 85' lang='lat' dir='ltr'><strong>ita</strong></span> 
     </span>
     <span class='ocr_line' id='line_1_77' title="bbox 1404 2420 2471 2487; baseline 0.004 -19"><span class='ocrx_word' id='word_1_398' title='bbox 1404 2420 1803 2486; x_wconf 83' lang='lat' dir='ltr'><strong>dispensavisse,</strong></span> <span class='ocrx_word' id='word_1_399' title='bbox 1826 2429 1886 2472; x_wconf 90' lang='lat' dir='ltr'><strong>ut</strong></span> <span class='ocrx_word' id='word_1_400' title='bbox 1901 2429 2088 2472; x_wconf 81' lang='lat' dir='ltr'><strong>octavo</strong></span> <span class='ocrx_word' id='word_1_401' title='bbox 2104 2436 2312 2487; x_wconf 87' lang='lat' dir='ltr'><strong>quoque</strong></span> <span class='ocrx_word' id='word_1_402' title='bbox 2334 2436 2471 2472; x_wconf 85' lang='lat' dir='ltr'><strong>anuo</strong></span> 
     </span>
     <span class='ocr_line' id='line_1_78' title="bbox 1403 2499 2466 2564; baseline 0.004 -17"><span class='ocrx_word' id='word_1_403' title='bbox 1403 2509 1492 2547; x_wconf 85' lang='lat' dir='ltr'><strong>xc.</strong></span> <span class='ocrx_word' id='word_1_404' title='bbox 1513 2500 1896 2564; x_wconf 77' lang='lat' dir='ltr'><strong>interponeret,</strong></span> <span class='ocrx_word' id='word_1_405' title='bbox 1918 2499 2078 2550; x_wconf 87' lang='lat' dir='ltr'><strong>tertio</strong></span> <span class='ocrx_word' id='word_1_406' title='bbox 2096 2508 2270 2550; x_wconf 88' lang='lat' dir='ltr'><strong>autem</strong></span> <span class='ocrx_word' id='word_1_407' title='bbox 2287 2509 2466 2551; x_wconf 88' lang='lat' dir='ltr'><strong>octen-</strong></span> 
     </span>
     <span class='ocr_line' id='line_1_79' title="bbox 1404 2573 2467 2644; baseline 0.005 -21"><span class='ocrx_word' id='word_1_408' title='bbox 1404 2573 1510 2637; x_wconf 86' lang='lat' dir='ltr'><strong>nio,</strong></span> <span class='ocrx_word' id='word_1_409' title='bbox 1530 2575 1583 2624; x_wconf 88' lang='lat' dir='ltr'><strong>id</strong></span> <span class='ocrx_word' id='word_1_410' title='bbox 1619 2584 1723 2634; x_wconf 83' lang='lat' dir='ltr'><strong>eat,</strong></span> <span class='ocrx_word' id='word_1_411' title='bbox 1754 2578 2003 2628; x_wconf 71' lang='lat' dir='ltr'><strong>vicesimo</strong></span> <span class='ocrx_word' id='word_1_412' title='bbox 2033 2585 2225 2642; x_wconf 81' lang='lat' dir='ltr'><strong>quarto</strong></span> <span class='ocrx_word' id='word_1_413' title='bbox 2261 2592 2467 2644; x_wconf 85' lang='lat' dir='ltr'><strong>quoque</strong></span> 
     </span>
     <span class='ocr_line' id='line_1_80' title="bbox 1402 2655 2466 2719; baseline 0.007 -20"><span class='ocrx_word' id='word_1_414' title='bbox 1402 2663 1552 2708; x_wconf 87' lang='lat' dir='ltr'><strong>auno,</strong></span> <span class='ocrx_word' id='word_1_415' title='bbox 1571 2665 1672 2701; x_wconf 90' lang='lat' dir='ltr'><strong>non</strong></span> <span class='ocrx_word' id='word_1_416' title='bbox 1692 2663 1781 2703; x_wconf 83' lang='lat' dir='ltr'><strong>xc.</strong></span> <span class='ocrx_word' id='word_1_417' title='bbox 1794 2655 1883 2703; x_wconf 84' lang='lat' dir='ltr'><strong>sed</strong></span> <span class='ocrx_word' id='word_1_418' title='bbox 1902 2667 1992 2704; x_wconf 74' lang='grc' dir='ltr'><strong>ιι.</strong></span> <span class='ocrx_word' id='word_1_419' title='bbox 2006 2656 2094 2719; x_wconf 88' lang='lat' dir='ltr'><strong>qni</strong></span> <span class='ocrx_word' id='word_1_420' title='bbox 2114 2655 2433 2719; x_wconf 82' lang='lat' dir='ltr'><strong>superabant</strong></span> <span class='ocrx_word' id='word_1_421' title='bbox 2449 2672 2466 2706; x_wconf 76' lang='grc' dir='ltr'><strong>ι</strong></span> 
     </span>
     <span class='ocr_line' id='line_1_81' title="bbox 1403 2727 2469 2792; baseline 0.007 -17"><span class='ocrx_word' id='word_1_422' title='bbox 1403 2732 1562 2792; x_wconf 90' lang='lat' dir='ltr'><strong>atque</strong></span> <span class='ocrx_word' id='word_1_423' title='bbox 1585 2729 1659 2778; x_wconf 80' lang='lat' dir='ltr'><strong>ita</strong></span> <span class='ocrx_word' id='word_1_424' title='bbox 1678 2727 1935 2786; x_wconf 83' lang='lat' dir='ltr'><strong>effecisse,</strong></span> <span class='ocrx_word' id='word_1_425' title='bbox 1950 2738 2010 2779; x_wconf 89' lang='lat' dir='ltr'><strong>nt</strong></span> <span class='ocrx_word' id='word_1_426' title='bbox 2027 2745 2089 2780; x_wconf 87' lang='lat' dir='ltr'><strong>eo</strong></span> <span class='ocrx_word' id='word_1_427' title='bbox 2102 2729 2307 2781; x_wconf 87' lang='lat' dir='ltr'><strong>demum</strong></span> <span class='ocrx_word' id='word_1_428' title='bbox 2330 2745 2469 2782; x_wconf 85' lang='lat' dir='ltr'><strong>anno</strong></span> 
     </span>
     <span class='ocr_line' id='line_1_82' title="bbox 1401 2801 2465 2873; baseline 0.008 -21"><span class='ocrx_word' id='word_1_429' title='bbox 1401 2801 1514 2854; x_wconf 88' lang='lat' dir='ltr'><strong>dies</strong></span> <span class='ocrx_word' id='word_1_430' title='bbox 1539 2805 1734 2857; x_wconf 83' lang='lat' dir='ltr'><strong>lunaris</strong></span> <span class='ocrx_word' id='word_1_431' title='bbox 1750 2813 1808 2856; x_wconf 89' lang='lat' dir='ltr'><strong>et</strong></span> <span class='ocrx_word' id='word_1_432' title='bbox 1828 2806 2012 2857; x_wconf 86' lang='lat' dir='ltr'><strong>solaris</strong></span> <span class='ocrx_word' id='word_1_433' title='bbox 2028 2807 2169 2872; x_wconf 91' lang='lat' dir='ltr'><strong>anni,</strong></span> <span class='ocrx_word' id='word_1_434' title='bbox 2184 2823 2215 2857; x_wconf 99' lang='lat' dir='ltr'><strong>a</strong></span> <span class='ocrx_word' id='word_1_435' title='bbox 2231 2823 2334 2873; x_wconf 84' lang='lat' dir='ltr'><strong>quo</strong></span> <span class='ocrx_word' id='word_1_436' title='bbox 2357 2810 2465 2860; x_wconf 85' lang='lat' dir='ltr'><strong>orsi</strong></span> 
     </span>
     <span class='ocr_line' id='line_1_83' title="bbox 1402 2887 2463 2949; baseline 0.005 -15"><span class='ocrx_word' id='word_1_437' title='bbox 1402 2893 1596 2946; x_wconf 87' lang='lat' dir='ltr'><strong>essent,</strong></span> <span class='ocrx_word' id='word_1_438' title='bbox 1654 2892 2023 2949; x_wconf 77' lang='lat' dir='ltr'><strong>congruerent.</strong></span> <span class='ocrx_word' id='word_1_439' title='bbox 2086 2887 2245 2938; x_wconf 84' lang='lat' dir='ltr'><strong>Hunc</strong></span> <span class='ocrx_word' id='word_1_440' title='bbox 2286 2895 2463 2939; x_wconf 85' lang='lat' dir='ltr'><strong>autem</strong></span> 
     </span>
    </p>
   </div>
   <div class='ocr_carea' id='block_1_5' title="bbox 1400 2963 2573 3019">
    <p class='ocr_par' dir='ltr' id='par_1_5' title="bbox 1400 2963 2573 3019">
     <span class='ocr_line' id='line_1_84' title="bbox 1400 2963 2573 3019; baseline 0.006 -9"><span class='ocrx_word' id='word_1_441' title='bbox 1400 2975 1606 3011; x_wconf 84' lang='lat' dir='ltr'><strong>sensnm</strong></span> <span class='ocrx_word' id='word_1_442' title='bbox 1649 2969 1707 3012; x_wconf 87' lang='lat' dir='ltr'><strong>ut</strong></span> <span class='ocrx_word' id='word_1_443' title='bbox 1745 2963 1983 3019; x_wconf 84' lang='lat' dir='ltr'><strong>eliceret.</strong></span> <span class='ocrx_word' id='word_1_444' title='bbox 2016 2972 2201 3014; x_wconf 83' lang='lat' dir='ltr'><strong>contra</strong></span> <span class='ocrx_word' id='word_1_445' title='bbox 2233 2967 2463 3017; x_wconf 85' lang='lat' dir='ltr'><strong>omnium</strong></span> <span class='ocrx_word' id='word_1_446' title='bbox 2568 2973 2573 2978; x_wconf 82' lang='lat'>&#39;</span> 
     </span>
    </p>
   </div>
   <div class='ocr_carea' id='block_1_6' title="bbox 1387 3037 2515 4398">
    <p class='ocr_par' dir='ltr' id='par_1_6' title="bbox 1387 3037 2515 4398">
     <span class='ocr_line' id='line_1_85' title="bbox 1398 3037 2515 3114; baseline 0.005 -27"><span class='ocrx_word' id='word_1_447' title='bbox 1398 3037 1645 3088; x_wconf 85' lang='lat' dir='ltr'><strong>librorum</strong></span> <span class='ocrx_word' id='word_1_448' title='bbox 1682 3041 2048 3090; x_wconf 87' lang='lat' dir='ltr'><strong>auctoritatem</strong></span> <span class='ocrx_word' id='word_1_449' title='bbox 2078 3041 2206 3105; x_wconf 68' lang='lat' dir='ltr'><strong>legit</strong></span> <span class='ocrx_word' id='word_1_450' title='bbox 2236 3043 2460 3093; x_wconf 72' lang='lat' dir='ltr'><strong>vicesimo</strong></span> <span class='ocrx_word' id='word_1_451' title='bbox 2506 3103 2515 3114; x_wconf 42' lang='lat'><strong>·</strong></span> 
     </span>
     <span class='ocr_line' id='line_1_86' title="bbox 1397 3117 2462 3183; baseline 0.006 -20"><span class='ocrx_word' id='word_1_452' title='bbox 1397 3129 1576 3180; x_wconf 73' lang='lat' dir='ltr'><strong>quoque</strong></span> <span class='ocrx_word' id='word_1_453' title='bbox 1596 3121 1767 3179; x_wconf 74' lang='lat' dir='ltr'><strong>quarto</strong></span> <span class='ocrx_word' id='word_1_454' title='bbox 1798 3132 1942 3175; x_wconf 75' lang='lat' dir='ltr'><strong>uano,</strong></span> <span class='ocrx_word' id='word_1_455' title='bbox 1966 3131 2083 3166; x_wconf 86' lang='lat' dir='ltr'><strong>cum</strong></span> <span class='ocrx_word' id='word_1_456' title='bbox 2116 3117 2311 3183; x_wconf 86' lang='lat' dir='ltr'><strong>ubique</strong></span> <span class='ocrx_word' id='word_1_457' title='bbox 2332 3120 2462 3169; x_wconf 76' lang='lat' dir='ltr'><strong>vice-</strong></span> 
     </span>
     <span class='ocr_line' id='line_1_87' title="bbox 1395 3193 2463 3257; baseline 0.005 -16"><span class='ocrx_word' id='word_1_458' title='bbox 1395 3194 1516 3242; x_wconf 82' lang='lat' dir='ltr'><strong>simo</strong></span> <span class='ocrx_word' id='word_1_459' title='bbox 1537 3194 1763 3257; x_wconf 79' lang='lat' dir='ltr'><strong>legatur.</strong></span> <span class='ocrx_word' id='word_1_460' title='bbox 1825 3194 1938 3257; x_wconf 81' lang='lat' dir='ltr'><strong>Ego</strong></span> <span class='ocrx_word' id='word_1_461' title='bbox 1966 3201 2143 3244; x_wconf 85' lang='lat' dir='ltr'><strong>autem</strong></span> <span class='ocrx_word' id='word_1_462' title='bbox 2174 3193 2251 3245; x_wconf 89' lang='lat' dir='ltr'><strong>ita</strong></span> <span class='ocrx_word' id='word_1_463' title='bbox 2271 3197 2463 3254; x_wconf 83' lang='lat' dir='ltr'><strong>sentio,</strong></span> 
     </span>
     <span class='ocr_line' id='line_1_88' title="bbox 1393 3267 2463 3324; baseline 0.007 -8"><span class='ocrx_word' id='word_1_464' title='bbox 1393 3267 1626 3319; x_wconf 84' lang='lat' dir='ltr'><strong>lunarem</strong></span> <span class='ocrx_word' id='word_1_465' title='bbox 1670 3283 1859 3320; x_wconf 88' lang='lat' dir='ltr'><strong>aunum</strong></span> <span class='ocrx_word' id='word_1_466' title='bbox 1905 3269 2130 3320; x_wconf 86' lang='lat' dir='ltr'><strong>Numam</strong></span> <span class='ocrx_word' id='word_1_467' title='bbox 2174 3271 2463 3324; x_wconf 78' lang='lat' dir='ltr'><strong>instituisse</strong></span> 
     </span>
     <span class='ocr_line' id='line_1_89' title="bbox 1393 3345 2461 3400; baseline 0.006 -6"><span class='ocrx_word' id='word_1_468' title='bbox 1393 3359 1494 3394; x_wconf 89' lang='lat' dir='ltr'><strong>nou</strong></span> <span class='ocrx_word' id='word_1_469' title='bbox 1511 3345 1821 3396; x_wconf 73' lang='lat' dir='ltr'><strong>cccnv.&#39;sed</strong></span> <span class='ocrx_word' id='word_1_470' title='bbox 1846 3359 2063 3396; x_wconf 76' lang='lat' dir='ltr'><strong>cccmv·</strong></span> <span class='ocrx_word' id='word_1_471' title='bbox 2086 3347 2304 3398; x_wconf 88' lang='lat' dir='ltr'><strong>dierum.</strong></span> <span class='ocrx_word' id='word_1_472' title='bbox 2326 3348 2461 3400; x_wconf 86' lang='lat' dir='ltr'><strong>Cum</strong></span> 
     </span>
     <span class='ocr_line' id='line_1_90' title="bbox 1395 3422 2466 3490; baseline 0.007 -20"><span class='ocrx_word' id='word_1_473' title='bbox 1395 3429 1568 3471; x_wconf 85' lang='lat' dir='ltr'><strong>autem</strong></span> <span class='ocrx_word' id='word_1_474' title='bbox 1585 3422 1764 3471; x_wconf 83' lang='lat' dir='ltr'><strong>solaris</strong></span> <span class='ocrx_word' id='word_1_475' title='bbox 1782 3422 2011 3472; x_wconf 83' lang='lat' dir='ltr'><strong>lunarem</strong></span> <span class='ocrx_word' id='word_1_476' title='bbox 2029 3432 2466 3490; x_wconf 84' lang='lat' dir='ltr'><strong>superaretquot·</strong></span> 
     </span>
     <span class='ocr_line' id='line_1_91' title="bbox 1395 3496 2463 3564; baseline 0.007 -18"><span class='ocrx_word' id='word_1_477' title='bbox 1395 3497 1542 3547; x_wconf 85' lang='lat' dir='ltr'><strong>anuis</strong></span> <span class='ocrx_word' id='word_1_478' title='bbox 1565 3510 1646 3547; x_wconf 83' lang='lat' dir='ltr'><strong>xt.</strong></span> <span class='ocrx_word' id='word_1_479' title='bbox 1676 3496 1857 3550; x_wconf 85' lang='lat' dir='ltr'><strong>diebus</strong></span> <span class='ocrx_word' id='word_1_480' title='bbox 1888 3505 1945 3548; x_wconf 87' lang='lat' dir='ltr'><strong>et</strong></span> <span class='ocrx_word' id='word_1_481' title='bbox 1972 3499 2282 3564; x_wconf 83' lang='lat' dir='ltr'><strong>quadrante,</strong></span> <span class='ocrx_word' id='word_1_482' title='bbox 2318 3504 2463 3554; x_wconf 75' lang='lat' dir='ltr'><strong>inve·</strong></span> 
     </span>
     <span class='ocr_line' id='line_1_92' title="bbox 1393 3573 2461 3631; baseline 0.008 -9"><span class='ocrx_word' id='word_1_483' title='bbox 1393 3573 1473 3622; x_wconf 84' lang='lat' dir='ltr'><strong>nit</strong></span> <span class='ocrx_word' id='word_1_484' title='bbox 1517 3573 1761 3625; x_wconf 81' lang='lat' dir='ltr'><strong>vicesimo</strong></span> <span class='ocrx_word' id='word_1_485' title='bbox 1800 3589 1936 3624; x_wconf 89' lang='lat' dir='ltr'><strong>anno</strong></span> <span class='ocrx_word' id='word_1_486' title='bbox 1974 3576 2205 3626; x_wconf 86' lang='lat' dir='ltr'><strong>lunarem</strong></span> <span class='ocrx_word' id='word_1_487' title='bbox 2239 3595 2271 3628; x_wconf 95' lang='lat' dir='ltr'><strong>a</strong></span> <span class='ocrx_word' id='word_1_488' title='bbox 2302 3580 2461 3631; x_wconf 82' lang='lat' dir='ltr'><strong>solari</strong></span> 
     </span>
     <span class='ocr_line' id='line_1_93' title="bbox 1395 3651 2461 3709; baseline 0.009 -10"><span class='ocrx_word' id='word_1_489' title='bbox 1395 3651 1590 3700; x_wconf 81' lang='lat' dir='ltr'><strong>vietum</strong></span> <span class='ocrx_word' id='word_1_490' title='bbox 1612 3666 1729 3701; x_wconf 83' lang='lat' dir='ltr'><strong>esse</strong></span> <span class='ocrx_word' id='word_1_491' title='bbox 1748 3651 1929 3702; x_wconf 85' lang='lat' dir='ltr'><strong>diebus</strong></span> <span class='ocrx_word' id='word_1_492' title='bbox 1942 3655 2149 3704; x_wconf 86' lang='lat' dir='ltr'><strong>omnino</strong></span> <span class='ocrx_word' id='word_1_493' title='bbox 2167 3669 2375 3706; x_wconf 80' lang='lat' dir='ltr'><strong>ccxxv.</strong></span> <span class='ocrx_word' id='word_1_494' title='bbox 2398 3664 2461 3709; x_wconf 88' lang='lat' dir='ltr'><strong>ut</strong></span> 
     </span>
     <span class='ocr_line' id='line_1_94' title="bbox 1393 3727 2495 3792; baseline 0.009 -16"><span class='ocrx_word' id='word_1_495' title='bbox 1393 3741 1518 3792; x_wconf 74' lang='lat' dir='ltr'><strong>ergo</strong></span> <span class='ocrx_word' id='word_1_496' title='bbox 1538 3727 1626 3778; x_wconf 86' lang='lat' dir='ltr'><strong>illo</strong></span> <span class='ocrx_word' id='word_1_497' title='bbox 1650 3727 1858 3779; x_wconf 86' lang='lat' dir='ltr'><strong>demum</strong></span> <span class='ocrx_word' id='word_1_498' title='bbox 1878 3742 2013 3779; x_wconf 80' lang='lat' dir='ltr'><strong>anno</strong></span> <span class='ocrx_word' id='word_1_499' title='bbox 2036 3731 2222 3782; x_wconf 85' lang='lat' dir='ltr'><strong>solaris</strong></span> <span class='ocrx_word' id='word_1_500' title='bbox 2242 3748 2359 3783; x_wconf 89' lang='lat' dir='ltr'><strong>cum</strong></span> <span class='ocrx_word' id='word_1_501' title='bbox 2383 3736 2462 3786; x_wconf 86' lang='lat' dir='ltr'><strong>lu·</strong></span> <span class='ocrx_word' id='word_1_502' title='bbox 2490 3779 2495 3786; x_wconf 95' lang='lat'>.</span> 
     </span>
     <span class='ocr_line' id='line_1_95' title="bbox 1392 3803 2457 3871; baseline 0.008 -19"><span class='ocrx_word' id='word_1_503' title='bbox 1392 3803 1506 3870; x_wconf 80' lang='lat' dir='ltr'><strong>nari</strong></span> <span class='ocrx_word' id='word_1_504' title='bbox 1543 3812 1874 3868; x_wconf 72' lang='lat' dir='ltr'><strong>congrueret,</strong></span> <span class='ocrx_word' id='word_1_505' title='bbox 1916 3812 2077 3871; x_wconf 83' lang='lat' dir='ltr'><strong>atque</strong></span> <span class='ocrx_word' id='word_1_506' title='bbox 2129 3806 2193 3856; x_wconf 85' lang='lat' dir='ltr'><strong>ad</strong></span> <span class='ocrx_word' id='word_1_507' title='bbox 2234 3809 2457 3862; x_wconf 83' lang='lat' dir='ltr'><strong>eandem</strong></span> 
     </span>
     <span class='ocr_line' id='line_1_96' title="bbox 1391 3875 2453 3943; baseline 0.008 -15"><span class='ocrx_word' id='word_1_508' title='bbox 1391 3875 1584 3936; x_wconf 81' lang='lat' dir='ltr'><strong>metam</strong></span> <span class='ocrx_word' id='word_1_509' title='bbox 1624 3880 1766 3943; x_wconf 74' lang='lat' dir='ltr'><strong>solia,</strong></span> <span class='ocrx_word' id='word_1_510' title='bbox 1791 3881 1931 3931; x_wconf 86' lang='lat' dir='ltr'><strong>unde</strong></span> <span class='ocrx_word' id='word_1_511' title='bbox 1966 3881 2073 3932; x_wconf 85' lang='lat' dir='ltr'><strong>orsi</strong></span> <span class='ocrx_word' id='word_1_512' title='bbox 2112 3892 2307 3941; x_wconf 84' lang='lat' dir='ltr'><strong>essent,</strong></span> <span class='ocrx_word' id='word_1_513' title='bbox 2342 3885 2453 3938; x_wconf 86' lang='lat' dir='ltr'><strong>dics</strong></span> 
     </span>
     <span class='ocr_line' id='line_1_97' title="bbox 1391 3958 2455 4027; baseline 0.006 -19"><span class='ocrx_word' id='word_1_514' title='bbox 1391 3958 1751 4023; x_wconf 83' lang='lat' dir='ltr'><strong>convenirent,</strong></span> <span class='ocrx_word' id='word_1_515' title='bbox 1774 3959 1865 4008; x_wconf 79' lang='lat' dir='ltr'><strong>hos</strong></span> <span class='ocrx_word' id='word_1_516' title='bbox 1886 3958 2001 4008; x_wconf 84' lang='lat' dir='ltr'><strong>dies</strong></span> <span class='ocrx_word' id='word_1_517' title='bbox 2021 3959 2094 4009; x_wconf 89' lang='lat' dir='ltr'><strong>ita</strong></span> <span class='ocrx_word' id='word_1_518' title='bbox 2116 3959 2455 4027; x_wconf 79' lang='lat' dir='ltr'><strong>dispensavit,</strong></span> 
     </span>
     <span class='ocr_line' id='line_1_98' title="bbox 1391 4033 2454 4104; baseline 0.006 -19"><span class='ocrx_word' id='word_1_519' title='bbox 1391 4042 1451 4085; x_wconf 88' lang='lat' dir='ltr'><strong>ut</strong></span> <span class='ocrx_word' id='word_1_520' title='bbox 1473 4049 1576 4085; x_wconf 87' lang='lat' dir='ltr'><strong>non</strong></span> <span class='ocrx_word' id='word_1_521' title='bbox 1613 4042 1817 4092; x_wconf 75' lang='lat' dir='ltr'><strong>octavo,</strong></span> <span class='ocrx_word' id='word_1_522' title='bbox 1848 4033 1941 4084; x_wconf 84' lang='lat' dir='ltr'><strong>sed</strong></span> <span class='ocrx_word' id='word_1_523' title='bbox 1983 4036 2213 4104; x_wconf 83' lang='lat' dir='ltr'><strong>secundo</strong></span> <span class='ocrx_word' id='word_1_524' title='bbox 2242 4052 2454 4104; x_wconf 84' lang='lat' dir='ltr'><strong>quoqne</strong></span> 
     </span>
     <span class='ocr_line' id='line_1_99' title="bbox 1391 4111 2455 4166; baseline 0.007 -6"><span class='ocrx_word' id='word_1_525' title='bbox 1391 4125 1526 4161; x_wconf 88' lang='lat' dir='ltr'><strong>anuo</strong></span> <span class='ocrx_word' id='word_1_526' title='bbox 1549 4111 1847 4162; x_wconf 85' lang='lat' dir='ltr'><strong>alternatim</strong></span> <span class='ocrx_word' id='word_1_527' title='bbox 1864 4111 2023 4162; x_wconf 87' lang='lat' dir='ltr'><strong>modo</strong></span> <span class='ocrx_word' id='word_1_528' title='bbox 2046 4111 2155 4162; x_wconf 84' lang='lat' dir='ltr'><strong>dies</strong></span> <span class='ocrx_word' id='word_1_529' title='bbox 2177 4125 2323 4165; x_wconf 76' lang='lat' dir='ltr'>xxxx.</span> <span class='ocrx_word' id='word_1_530' title='bbox 2346 4131 2455 4166; x_wconf 87' lang='lat' dir='ltr'><strong>mo-</strong></span> 
     </span>
     <span class='ocr_line' id='line_1_100' title="bbox 1389 4187 2453 4253; baseline 0.008 -16"><span class='ocrx_word' id='word_1_531' title='bbox 1389 4187 1458 4237; x_wconf 90' lang='lat' dir='ltr'><strong>do</strong></span> <span class='ocrx_word' id='word_1_532' title='bbox 1479 4201 1655 4238; x_wconf 78' lang='lat' dir='ltr'><strong>xxm.</strong></span> <span class='ocrx_word' id='word_1_533' title='bbox 1686 4189 2060 4253; x_wconf 79' lang='lat' dir='ltr'><strong>interponeret.</strong></span> <span class='ocrx_word' id='word_1_534' title='bbox 2108 4190 2227 4242; x_wconf 83' lang='lat' dir='ltr'><strong>Qua</strong></span> <span class='ocrx_word' id='word_1_535' title='bbox 2249 4193 2453 4246; x_wconf 85' lang='lat' dir='ltr'><strong>ratione</strong></span> 
     </span>
     <span class='ocr_line' id='line_1_101' title="bbox 1388 4263 2452 4330; baseline 0.007 -17"><span class='ocrx_word' id='word_1_536' title='bbox 1388 4263 1570 4328; x_wconf 81' lang='lat' dir='ltr'><strong>flebat,</strong></span> <span class='ocrx_word' id='word_1_537' title='bbox 1593 4270 1671 4322; x_wconf 87' lang='lat' dir='ltr'><strong>nt,</strong></span> <span class='ocrx_word' id='word_1_538' title='bbox 1696 4279 1811 4316; x_wconf 87' lang='lat' dir='ltr'><strong>cum</strong></span> <span class='ocrx_word' id='word_1_539' title='bbox 1833 4265 2237 4330; x_wconf 79' lang='lat' dir='ltr'><strong>pervenissetad</strong></span> <span class='ocrx_word' id='word_1_540' title='bbox 2261 4282 2452 4320; x_wconf 85' lang='lat' dir='ltr'><strong>annum</strong></span> 
     </span>
     <span class='ocr_line' id='line_1_102' title="bbox 1387 4341 2447 4398; baseline 0.004 -4"><span class='ocrx_word' id='word_1_541' title='bbox 1387 4353 1490 4395; x_wconf 78' lang='lat' dir='ltr'><strong>xx.</strong></span> <span class='ocrx_word' id='word_1_542' title='bbox 1510 4341 1708 4396; x_wconf 83' lang='lat' dir='ltr'><strong>lunaris</strong></span> <span class='ocrx_word' id='word_1_543' title='bbox 1730 4355 1895 4396; x_wconf 85' lang='lat' dir='ltr'><strong>annus</strong></span> <span class='ocrx_word' id='word_1_544' title='bbox 1916 4357 1951 4395; x_wconf 86' lang='lat' dir='ltr'><strong>a</strong></span> <span class='ocrx_word' id='word_1_545' title='bbox 1968 4341 2125 4396; x_wconf 86' lang='lat' dir='ltr'><strong>solari</strong></span> <span class='ocrx_word' id='word_1_546' title='bbox 2146 4355 2247 4396; x_wconf 79' lang='lat' dir='ltr'><strong>nec</strong></span> <span class='ocrx_word' id='word_1_547' title='bbox 2273 4343 2447 4398; x_wconf 81' lang='lat' dir='ltr'><strong>vinee·</strong></span> 
     </span>
    </p>
   </div>
  </div>
 </body>
</html>
