3267 5250
1045 490 1446 562 manorum
1483 509 1717 592 mvn.
2002 527 2009 530 ·
2312 493 2489 562 5953

278 677 422 724 rum
451 665 502 698 ¹¹
533 657 798 732 duobus
827 657 1112 740 navigiis
1141 661 1580 735 transvectus,
1603 655 1832 722 soedus
1854 655 2103 742 junxit.
2177 654 2253 721 H
2256 655 2483 723 asdru-

277 761 392 825 bal
413 759 742 844 Gisgonis
771 761 866 826 ibi
895 779 1047 826 cum
1077 779 1158 824 eo
1187 761 1256 824 in
1277 759 1514 825 eodem
1541 759 1726 824 lecto
1758 761 2139 825 coenavit.¹²
2229 759 2483 824 Munus

277 863 755 946 gladiatorium
779 864 845 928 in
868 863 1178 948 honorem
1205 863 1415 946 patris
1428 864 1783 947 patruique
1796 860 2180 944 Carthagini
2198 861 2420 928 Novae
2434 869 2483 910 ¹³

279 964 520 1043 edidit,
553 986 688 1030 non
717 985 805 1031 ex
833 965 1343 1049 gladiatoribus,
1377 964 1499 1029 sed
1531 983 1621 1028 ex
1652 965 1761 1042 iis,
1784 964 1902 1048 qui
1926 965 2128 1029 autin
2158 963 2485 1030 honorem

277 1067 494 1146 ducis,
527 1075 646 1134 aut
679 1088 768 1134 ex
814 1069 1291 1152 provocatione
1331 1067 1400 1131 in
1444 1074 1783 1132 certamen
1827 1066 2368 1132 descendebant:
2412 1067 2485 1132 in

277 1190 418 1253 quo
461 1171 680 1254 reguli
719 1170 956 1235 fratres
991 1170 1079 1235 de
1121 1189 1323 1252 regno
1353 1169 1524 1234 ferro
1554 1169 2053 1234 contenderunt.
2144 1168 2315 1234 Cum
2347 1168 2483 1235 As-

279 1278 449 1358 tapa
475 1275 638 1338 urbs
683 1275 770 1339 ab
805 1273 1144 1338 Romanis
1191 1277 1717 1356 oppugnaretur,
1765 1271 2091 1355 oppidani
2134 1270 2379 1338 liberos
2412 1279 2485 1338 et

277 1376 602 1461 conjuges
630 1395 790 1460 rogo
811 1382 1164 1441 exstructo
1201 1373 1617 1451 occiderunt,
1646 1379 1713 1440 et
1730 1379 1784 1423 ’4
1825 1393 1903 1438 se
1936 1373 2215 1458 insuper
2240 1375 2480 1460 ptaeci-

273 1479 676 1563 pitaverunt.
735 1478 902 1563 Ipse
934 1479 1198 1562 Scipio,
1218 1476 1374 1541 dum
1401 1477 1588 1559 gravi
1613 1477 1850 1542 morbo
1880 1476 2259 1561 implicitus
2288 1484 2480 1556 est,¹⁵

271 1579 700 1660 seditionem,
727 1581 801 1646 in
830 1587 1022 1665 parte
1048 1580 1389 1645 exercitus
1423 1587 1703 1658 motam,
1744 1580 2185 1645 confirmatus
2213 1579 2479 1647 discus-

273 1685 385 1762 sit,
413 1685 950 1770 rebellantesque
983 1683 1350 1768 Hispaniae
1378 1683 1669 1766 populos
1699 1681 1925 1766 coegit
1958 1685 2027 1749 in
2063 1685 2478 1751 deditionem

273 1789 540 1870 venire;
585 1794 678 1866 et,
711 1788 1020 1854 amicitia
1062 1786 1250 1852 facta
1269 1785 1322 1826 ¹⁶
1366 1805 1520 1852 cum
1551 1784 1927 1851 Masinissa
1962 1807 2117 1870 rege
2149 1787 2217 1852 N
2222 1787 2478 1853 umida-

267 1909 438 1971 rum,
473 1893 593 1976 qui
620 1893 720 1958 illi
751 1892 1106 1970 auxilium,
1145 1891 1206 1955 si
1235 1891 1304 1956 in
1332 1888 1634 1956 Africam
1668 1887 2071 1974 trajecisset,
2102 1890 2477 1973 polliceba-

265 1999 397 2071 tur,
427 2011 584 2058 cum
617 1993 980 2059 Gaditanis
1011 2009 1280 2078 quoque
1307 1998 1471 2078 post
1513 1991 1897 2056 discessum
1939 1993 2097 2058 inde
2133 1992 2477 2076 Magonis,

267 2095 379 2160 cui
421 2113 515 2160 ex
546 2093 951 2178 Carthagine
997 2095 1323 2180 scriptum
1359 2100 1521 2172 erat,
1568 2099 1647 2159 ut
1684 2095 1753 2158 in
1794 2095 2069 2160 Italiam
2106 2095 2476 2180 trajiceret,

265 2196 567 2263 Romam
593 2218 909 2264 reversus
939 2197 1310 2282 consulque
1341 2203 1626 2272 creatus.
1712 2196 2015 2265 Africam
2056 2199 2475 2284 provinciam

260 2300 552 2385 petenti,
583 2299 1072 2367 contradicente
1099 2301 1191 2380 Q.
1224 2299 1443 2366 Fabio
1475 2301 1809 2382 Maximo,
1840 2301 2081 2368 Sicilia
2123 2300 2286 2365 data
2326 2306 2473 2380 est3

262 2404 830 2488 permissumque,
876 2404 946 2468 in
993 2400 1294 2469 Africam
1316 2412 1369 2454 ¹⁷
1412 2405 1774 2490 trajiceret,
1832 2405 1891 2470 si
1940 2425 2030 2470 ex
2074 2423 2146 2469 re
2195 2401 2476 2488 publica

261 2523 419 2570 esse
457 2513 794 2571 censeret.
886 2505 1124 2590 Mago,
1156 2505 1578 2573 Hamilcaris
1625 2507 1831 2586 filius,
1868 2507 2183 2572 aminore
2215 2503 2475 2570 Baliari

261 2606 508 2691 insula,
537 2610 662 2674 ubi
687 2609 1058 2696 hyemarat,
1087 2612 1160 2676 in
1191 2609 1468 2676 Italiam
1491 2611 1781 2698 trajecit.
2326 2611 2331 2616 ’

1185 2773 1556 2797 owenmne

258 2876 390 2927 Mox
419 2890 548 2925 aaa
577 2877 744 2941 quinto
771 2881 1018 2941 postqum
1053 2878 1179 2927 ierat
1214 2876 1381 2927 Grou.
1401 2877 1616 2941 Doujn.
1642 2877 1929 2927 Crem—ll
1965 2874 1985 2905 ‘
1999 2874 2063 2924 Iu
2096 2879 2127 2924 6
2150 2874 2280 2925 Mu.
2312 2890 2475 2939 regen

259 2942 630 2993 Maniliorum.-
662 2942 799 2991 unde
835 2942 1202 3005 Mmaeylmm
1237 2944 1440 2993 emend.
1476 2942 1691 2992 Delrius
1712 2950 1767 2991 et
1790 2938 1977 2991 Drak?
2011 2940 2343 3004 Rama—12
2377 2941 2475 2991 ‘In

260 3008 414 3056 aden
447 3007 568 3055 lecto
587 3009 793 3057 cmvii*
826 3023 890 3058 ex
912 3014 942 3057 ⁵
968 3008 1097 3056 Mas.
1119 3016 1172 3056 et
1197 3007 1319 3057 edd.
1341 3016 1474 3058 autt-
1497 3007 1697 3071 recepi.
1762 3006 1930 3057 Aldus
1958 3004 2107 3056 dedit
2128 3005 2391 3064 accubavit,
2414 3013 2474 3058 et

263 3070 418 3120 Curio
435 3071 670 3129 «ocubuit,
695 3073 830 3137 qnod
857 3072 1091 3135 plerique
1115 3073 1410 3122 ediderunt.
1445 3072 1530 3137 [ut
1553 3072 1719 3122 Gron.
1751 3071 1967 3135 Doujat.
2002 3070 2155 3119 Crev.
2194 3070 2474 3136 Kreyssig-

260 3134 382 3199 δια]
397 3136 414 3157 ’
449 3136 788 3199 Rapum—13
820 3137 838 3163 ⁴
861 3136 1152 3198 Carthagini
1182 3152 1316 3187 aava
1349 3152 1529 3187 omnes
1551 3134 1661 3187 fere
1685 3138 1817 3187 Mas.
1840 3144 1897 3187 et
1920 3135 2040 3184 edd.
2064 3143 2189 3185 aute
2211 3136 2389 3197 Sigon.
2415 3143 2473 3187 et

261 3199 424 3249 Gron.
451 3216 566 3264 qnae
589 3201 965 3252 substituerunt
991 3202 1288 3263 Carthagine
1305 3218 1446 3253 mou.
1493 3203 1653 3252 Forte
1684 3204 1785 3267 leg.
1812 3200 2106 3263 carthag-ini
2126 3200 2281 3249 noun?
2306 3200 2474 3251 Drak-

259 3262 386 3313 Mox
419 3267 438 3293 ‘
453 3268 640 3329 Astapa
661 3267 902 3327 Momm.
925 3267 1138 3316 edidere
1161 3282 1225 3315 ex
1249 3268 1364 3317 Liv.
1385 3279 1596 3318 xxvm.
1619 3272 1703 3317 22.
1761 3268 1826 3317 In
1851 3268 1981 3316 Mu.
2000 3273 2056 3315 et
2074 3264 2345 3331 edd-'amt-
2382 3266 2472 3315 02·-

257 3330 412 3388 εῦασ,
441 3332 615 3394 Gigia,
641 3332 804 3393 Gisia,
826 3332 1034 3397 Gymia,
1052 3332 1294 3395 Gyuhia:
1320 3334 1673 3397 Κυμώ-14
1717 3333 1779 3383 Et
1802 3332 1908 3381 del.
1932 3330 2055 3379 edd.
2078 3335 2342 3379 λειω-15
2378 3332 2475 3379 Ea·

259 3398 330 3507 teet
363 3396 533 3447 Gron.
579 3398 804 3463 Doujat.
837 3400 1123 3449 Crem—16
1153 3398 1248 3449 Eue
1288 3398 1412 3448 add.
1449 3396 1616 3448 Gron-
1664 3398 2010 3462 Doujat.-l⁷
2052 3394 2122 3444 Ut
2157 3394 2211 3445 in
2249 3394 2474 3459 Afric-n

307 3474 412 3511 rev.
497 3510 501 3515 ,
1651 3465 1666 3476 ”

1081 3654 1268 3721 LIB.
1321 3653 1637 3721 XXIX.

343 3838 453 3903 Ex
497 3839 741 3905 Sicilia
775 3840 854 3906 C.
894 3840 1150 3906 Laelius
1187 3840 1260 3905 in
1289 3839 1598 3907 Africam
1641 3860 1684 3907 a
1724 3840 2047 3926 Scipione
2084 3839 2339 3904 missus
2369 3839 2469 3903 in-

258 3948 513 4023 gentem
540 3942 844 4026 praedam
877 3944 1269 4025 reportavit,
1291 3949 1357 4007 et
1384 3945 1707 4009 mandata
1737 3943 2133 4009 Masinissae
2165 3939 2468 4026 Scipioni

258 4046 603 4127 exposuit,
637 4044 1128 4130 conquerentis,
1159 4043 1345 4128 quod
1375 4048 1670 4112 nondum
1690 4045 1742 4086 ¹⁸
1786 4047 2153 4112 exercitum
2181 4044 2253 4109 in
2284 4042 2469 4108 Afri-

259 4163 406 4209 cam
435 4147 834 4233 trajecisset.
919 4148 1188 4214 Bellum
1227 4148 1300 4213 in
1343 4148 1687 4234 Hispania
1720 4148 2007 4229 finitum,
2036 4148 2293 4214 victore
2324 4145 2466 4210 Ro-

1167 4311 1540 4335 comune„

321 4416 388 4465 18
421 4412 538 4463 Non
573 4426 672 4479 pro
703 4413 914 4464 nondun
950 4412 1230 4479 legebatur
1267 4419 1390 4467 ante
1435 4416 1614 4481 Sigon.
1661 4366 1833 4480 Supra
1866 4410 2061 4475 expauit
2103 4423 2201 4475 pro
2244 4406 2465 4473 esposuit
