3267 5250
989 535 1386 588 manorum
1439 535 1660 586 mvn.
2250 521 2424 588 6001

191 685 606 764 persecutus
653 685 780 748 est.
865 679 948 750 C·
1001 681 1264 748 Marius
1291 683 1528 750 consul
1557 701 1824 748 summa
1863 681 1933 746 vi
1963 687 2349 767 oppugnata
2378 701 2424 748 a

189 785 543 851 Teutonis
584 793 654 853 et
691 786 1150 853 Ambronibus
1201 794 1428 852 castra
1477 783 1835 852 defendit:
1880 786 2149 852 duobus
2179 785 2422 852 deinde

191 888 466 972 praeliis
496 889 680 954 circa
708 889 950 974 Aquas
980 890 1257 955 Sextias
1295 909 1418 955 eos
1459 889 1691 954 hostes
1738 887 2012 967 delevit,
2056 890 2131 954 in
2177 890 2425 973 quibus

193 1010 390 1056 caesa
425 991 790 1058 traduntur
816 993 1114 1058 hostium
1158 991 1456 1059 ducenta
1497 991 1733 1070 millia,
1784 997 1989 1075 capta
2035 991 2423 1082 nonaginta.

193 1091 474 1160 Marius
523 1095 772 1160 absens
819 1098 1130 1180 quintum
1181 1093 1422 1160 consul
1475 1101 1749 1160 creatus
1796 1100 1945 1159 est:
2010 1094 2423 1178 triumphum

193 1197 529 1275 oblatum,
582 1197 801 1262 donec
857 1203 928 1262 et
954 1201 976 1242 ⁵
1019 1196 1338 1262 Cimbros
1389 1198 1713 1275 vinceret,
1768 1195 2057 1261 distulit.
2146 1193 2424 1276 Cimbri,

195 1299 480 1382 repulso
529 1300 618 1365 ab
661 1297 962 1385 Alpibus
1007 1300 1385 1385 fugatoque
1430 1297 1522 1378 Q.
1567 1298 1815 1366 Catulo
1845 1298 2272 1383 proconsule,
2301 1299 2423 1383 qui

193 1399 440 1467 fauces
469 1399 758 1486 Alpium
803 1399 1184 1480 obsederat,
1211 1409 1280 1468 et
1323 1402 1409 1468 ad
1455 1401 1707 1467 flumen
1735 1401 2041 1467 Athesim
2074 1401 2424 1466 castellum

195 1499 462 1568 editum
487 1503 828 1570 insederat
854 1505 1371 1590 reliqueratque,
1399 1523 1580 1582 cum,
1623 1505 1868 1569 virtute
1914 1522 2044 1568 sua
2088 1503 2425 1587 expliciti,

195 1604 572 1685 fugientem
599 1608 1073 1691 proconsulem
1101 1607 1613 1691 exercitumque
1654 1607 2021 1685 consecuti,
2052 1606 2121 1670 in
2150 1603 2425 1672 Italiam

197 1707 684 1793 trajecissent‚⁶
694 1709 961 1794 junctis
987 1710 1296 1795 ejusdem
1312 1709 1540 1777 Catuli
1564 1717 1637 1776 et
1657 1709 1739 1776 C.
1760 1709 1962 1774 Marii
1984 1708 2423 1788 exercitibuS,

197 1811 446 1891 proelio
479 1811 646 1877 victi
675 1812 948 1878 suntab
979 1815 1121 1878 cis:
1163 1813 1234 1877 in
1279 1833 1418 1898 quo
1463 1832 1650 1878 caesa
1693 1810 2045 1877 traduntur
2084 1810 2377 1876 hostium
2396 1818 2424 1860 ⁷

199 1919 482 1977 centum
507 1913 955 1998 quadraginta
983 1915 1220 1996 millia,
1243 1921 1447 2001 capta
1469 1916 1847 2000 sexaginta.
1907 1915 2194 1993 MariuS,
2212 1911 2427 1980 totius

201 2014 510 2080 civitatis
564 2035 898 2082 consensu
949 2030 1308 2104 exceptus,
1369 2038 1494 2103 pro
1546 2017 1818 2084 duobus
1868 2016 2251 2101 triumphis,
2301 2017 2425 2100 qui

203 2114 679 2196 offerebantur,
723 2138 860 2184 uno
905 2125 1256 2187 contentus
1299 2117 1446 2186 fuit.
1523 2120 1883 2186 'Primores
1934 2119 2261 2192 civitatis,
2304 2119 2427 2203 qui

201 2221 626 2304 aliquamdiu
651 2221 678 2261 ⁸
737 2229 820 2288 ut
862 2243 1048 2290 novo
1097 2225 1376 2303 homini,
1429 2222 1518 2288 ad
1561 2229 1788 2290 tantos
1842 2223 2119 2288 honores
2162 2228 2426 2301 evecto,

203 2319 616 2402 inviderant,
673 2333 1145 2391 conservatam
1201 2327 1292 2391 ab
1341 2346 1424 2390 eo
1473 2325 1963 2409 rempublicam
2014 2324 2424 2391 fatebantur.

206 2422 572 2491 Publicius
602 2425 1000 2504 MalleoluS,
1031 2435 1243 2494 matre
1272 2427 1526 2505 occisa,
1559 2429 1815 2513 primus
1836 2435 1866 2478 ⁹
1908 2428 2175 2493 insutus
2206 2427 2425 2504 culeo,

203 2524 274 2588 in
301 2545 490 2591 mare
519 2527 998 2613 praecipitatus
1029 2535 1155 2594 est.
1223 2529 1502 2595 Ancilia
1531 2551 1682 2596 cum
1715 2529 2005 2614 strepitu
2032 2538 2215 2596 mota
2246 2547 2425 2608 esse,

205 2633 574 2715 antequam
608 2630 1022 2698 Cimbricum
1063 2633 1320 2699 bellum
1370 2640 1971 2711 consummaretur,
2021 2632 2424 2699 referuntur.

207 2730 412 2797 Bella
441 2738 778 2818 praeterea
803 2734 978 2801 inter
1004 2736 1224 2819 Syrioe
1253 2755 1447 2821 reges
1477 2742 1665 2821 gesta
1686 2734 1741 2775 '¹0
1767 2736 2095 2823 continet.

1141 2916 1518 2941 ‘mm

271 3018 306 3063 4
343 3013 406 3063 Iu
428 3012 604 3065 Sicilia
623 3014 746 3068 edd.
767 3023 892 3069 ante
922 3018 1197 3083 δίδοι-6
1231 3020 1430 3071 Carent
1461 3018 1586 3069 edd.
1623 3024 1749 3069 ante
1778 3017 1955 3083 Sigon.
1987 3018 2060 3081 τῷ·
2091 3022 2259 3069 ιὲ.-8
2288 3016 2305 3047 ‘
2328 3018 2429 3076 Qun·

197 3077 374 3137 sacen
406 3078 604 3143 Alpium
635 3082 878 3133 obsederat
895 3114 909 3132 .
928 3117 944 3134 .
967 3118 981 3134 .
999 3086 1256 3149 consecuti,
1290 3084 1452 3135 verba
1487 3099 1590 3135 non
1613 3085 1743 3134 satis
1766 3098 1912 3141 sana,
1940 3084 1992 3133 in
2030 3083 2216 3147 quibus
2249 3081 2427 3134 admo·

207 3144 334 3193 dum
369 3144 576 3193 variant
609 3146 738 3195 Mus.
800 3148 884 3197 Ex
917 3148 982 3198 iis
1013 3156 1070 3199 et
1101 3150 1246 3199 Plut.
1269 3151 1405 3199 Mar.
1429 3165 1483 3214 p.
1502 3153 1620 3199 418.
1650 3154 1766 3201 419.
1801 3148 1965 3198 Gron.
2000 3148 2135 3212 conj.
2170 3146 2431 3206 obsidebat,

195 3208 384 3273 fimes
414 3209 638 3259 Achaim
657 3214 948 3273 &numeni
967 3216 1214 3264 castellnm
1243 3216 1444 3271 editum.
1476 3215 1600 3279 quod
1621 3215 1883 3275 iacuerat,
1902 3218 1957 3262 ut
1980 3214 2287 3276 relinqueret,
2308 3213 2427 3279 effe-

207 3278 394 3348 ἔξω·
461 3274 561 3331 Qui
593 3279 750 3326 tamen
783 3277 838 3325 in
881 3280 1076 3329 cartello
1105 3278 1312 3339 suerunt
1352 3278 1494 3343 (bec
1542 3280 1645 3329 tria
1683 3278 1849 3328 verba
1885 3277 2143 3328 excidisse
2182 3277 2428 3342 putabat)

209 3342 394 3387 mate
413 3352 499 3387 m
521 3340 756 3402 expliciti,
781 3342 1054 3403 fugientem
1077 3359 1130 3407 p.
1149 3358 1195 3393 e.
1213 3362 1256 3394 c.
1273 3348 1410 3395 unt.
1475 3346 1539 3395 In
1561 3343 1762 3393 Italiam
1791 3358 1899 3393 cum
1930 3342 2099 3393 deinde
2129 3342 2429 3404 trqy'eeiuent

208 3408 302 3451 cet.
368 3403 486 3453 Alia
509 3404 750 3455 tentabat
771 3408 922 3469 Pigb.
943 3408 1138 3459 Annal.
1169 3410 1236 3458 ad
1259 3424 1308 3459 a.
1337 3406 1476 3459 652!
1511 3408 1721 3471 Rupert.
1787 3406 1928 3457 Edd.
1950 3414 2075 3457 ante
2114 3408 2295 3470 Sigon.
2345 3407 2431 3457 ubi

211 3468 392 3516 tinne
407 3473 608 3519 nae—⁷
644 3470 909 3525 Hominum
932 3474 1056 3523 edd.
1077 3480 1200 3523 ante
1217 3474 1398 3537 Sigon.
1421 3481 1477 3523 et
1499 3486 1622 3521 mox
1644 3478 1859 3535 receptus
1876 3487 1968 3535 pro
1982 3474 2206 3534 exceptus
2227 3470 2429 3523 ead.—

214 3534 246 3578 8
282 3530 637 3595 Aliquantulum
659 3536 892 3587 earm—9
927 3537 1238 3603 Inter-empta,
1263 3540 1453 3604 primm
1477 3538 1687 3587 omnium
1718 3538 1881 3589 Gron.
1902 3538 2117 3603 Doujat.
2140 3538 2427 3589 Crem—1⁰

211 3594 276 3645 Τὸ
291 3602 432 3658 gesta
449 3598 602 3650 abent
618 3599 685 3651 ab
708 3600 832 3653 edd.
856 3610 978 3655 aute
999 3604 1176 3668 Sigon.

1057 3869 1246 3936 LIB.
1288 3868 1584 3936 LXIX.

303 4054 432 4120 L.¹¹
462 4054 854 4141 Appuleius
898 4055 1321 4135 Saturninus,
1369 4053 1737 4140 adjuvante
1786 4055 1871 4121 C.
1923 4050 2147 4121 Mario
2195 4058 2268 4119 et
2308 4073 2431 4140 per

213 4156 462 4223 milites
491 4160 722 4224 occiso
752 4156 842 4225 A.
877 4158 1112 4225 Nonio
1135 4166 1188 4199 ¹²
1221 4158 1695 4243 competitore,
1724 4158 2035 4223 tribunus
2062 4158 2283 4243 plebis
2309 4175 2431 4243 per

1127 4324 1426 4348 0000000000
1431 4323 1490 4344 00

283 4444 347 4490 ll
385 4440 478 4491 Cn.
513 4454 607 4507 pro
643 4440 706 4493 L.
728 4440 1001 4508 legebatur
1033 4446 1156 4495 ante
1173 4442 1357 4508 Sigon.
1410 4440 1542 4493 Mox
1557 4453 1648 4504 per
1666 4437 1861 4489 clientes
1882 4434 2018 4503 conj·
2038 4434 2204 4487 Gron.
2226 4448 2323 4503 pro
2340 4451 2429 4503 per
