3267 5250
797 497 805 510 ⁵
855 521 1032 588 5948
1278 589 1289 598 ,
1526 506 1533 525 ’
1773 535 2128 587 auronum

856 683 1069 748 scutis
1098 675 1461 762 detractas}
1491 681 1658 748 item
1699 701 1951 761 mures,
1981 685 2252 762 essent3
2295 685 2364 748 et
2391 678 2700 759 nucibus,
2736 698 2860 764 per
2887 677 3054 746 Vul-

851 790 1115 850 turnum
1165 805 1425 850 amnem
1476 805 1519 851 a
1567 783 1904 850 Romanis
1941 785 2194 864 missis,
2233 784 2550 849 vixerint.
2635 783 2926 850 Senatus
2964 801 3054 848 ex

852 888 1149 972 equestri
1193 887 1425 954 ordine
1472 889 1852 952 hominihus
1889 892 2158 954 centum
2198 888 2562 968 nonaginta
2591 892 2856 970 septem
2895 903 3054 968 sup·

849 991 1071 1075 pletas
1118 995 1241 1056 est.
1328 989 1411 1056 L.
1460 991 1866 1057 Postumius
1914 997 2170 1076 praetor
2217 1009 2260 1055 a
2296 989 2516 1056 Gallis
2563 1009 2717 1055 cum
2755 989 3052 1055 exercitu

852 1100 1075 1158 coesus’
1104 1099 1229 1158 est.
1296 1091 1447 1157 ·Cn.
1470 1099 1541 1157 et
1562 1091 1650 1158 P.
1677 1092 2036 1178 Scipiones
2067 1093 2138 1158 in
2167 1092 2516 1177 Hispania
2547 1090 3054 1158 Hasdrubalem

850 1193 1172 1273 vicerunt,
1202 1200 1271 1260 et
1302 1194 1716 1279 Hispaniam
1749 1215 1943 1260 suam
1971 1196 2299 1261 fecerunt.
2389 1195 2728 1280 Reliquiae
2751 1193 3054 1260 Cannen-

848 1296 947 1360 sis
981 1297 1319 1362 exercitus
1343 1298 1413 1362 in
1445 1298 1749 1364 Siciliam
1780 1297 2100 1380 relegatae
2133 1302 2320 1378 sunt3
2367 1317 2451 1362 ne
2468 1297 2854 1363 recederent
2875 1299 3052 1376 inde,

848 1399 983 1463 nisi
1026 1398 1219 1464 finito
1265 1399 1473 1465 bello.
1566 1400 1746 1466 Inter
1787 1399 2182 1490 Philippum
2230 1399 2689 1466 Macedonum
2728 1419 2948 1484 regem
2985 1409 3056 1466 et

849 1501 1307 1568 Hannibalem
1359 1504 1662 1568 societas
1699 1504 1946 1588 juncta
1991 1509 2124 1568 est.
2211 1503 2655 1587 Sempronius
2702 1501 3052 1570 Gracchus

848 1605 1091 1670 consul
1122 1603 1517 1691 Campanos
1550 1607 1822 1672 cecidit.
1897 1607 2240 1672 Praeterea
2269 1607 2336 1671 in
2358 1606 2672 1672 Sardinia
2701 1606 2984 1672 feliciter
3013 1625 3054 1672 a

846 1705 932 1772 Τ.
966 1707 1235 1772 Manlio
1276 1715 1567 1792 praetore
1606 1707 1938 1776 adversus
1971 1708 2230 1774 Poenos
2265 1709 2650 1794 Sardosque
2686 1729 2794 1775 res
2824 1718 3054 1791 gestas

847 1811 1173 1889 continet,
1204 1829 1249 1876 a
1296 1831 1436 1894 qno
1489 1811 1884 1877 Hasdrubal
1917 1811 2059 1876 dux
2091 1817 2162 1877 et
2202 1811 2410 1894 Mago
2457 1819 2526 1877 et
2564 1811 2812 1877 Hanno
2843 1810 3054 1897 capti.

846 1909 1177 1977 Claudius
1207 1914 1577 1979 Marcellus
1610 1921 1858 2000 praetor
1877 1921 1904 1952 ⁸
1951 1914 2360 1980 Hannibalis
2390 1916 2756 1980 exercitum
2787 1912 2878 1980 ad
2911 1913 3055 1979 No-

842 2012 979 2077 lam
1033 2015 1270 2099 praelio
1316 2017 1489 2082 fudit
1540 2023 1611 2082 et
1649 2019 1847 2084 vicit=
1891 2019 2290 2102 primusque
2345 2023 2444 2084 tot
2493 2017 2802 2084 cladibus
2857 2015 3054 2082 sessis

846 2113 1177 2182 Romanis
1206 2119 1549 2184 meliorem
1570 2139 1764 2205 spem
1786 2120 1944 2185 belli
1975 2119 2210 2185 dedit.³

912 2418 937 2464 1
984 2416 1072 2466 Vir
1090 2414 1197 2467 del.
1212 2416 1377 2468 Gron.
1398 2419 1614 2482 nonin.
1639 2420 1892 2471 Crem—2
1925 2420 2114 2472 Potius
2133 2421 2294 2472 mul
2307 2419 2515 2486 judicat
2535 2422 2856 2486 {lupera—8
2891 2428 2906 2452 ⁶
2925 2421 3060 2472 Inter

844 2481 1126 2545 Philippum
1148 2516 1164 2531 .
1188 2513 1204 2530 .
1226 2516 1241 2534 .
1262 2485 1412 2534 dedit.
1478 2485 1614 2536 Hoec
1647 2485 1810 2537 verba
1835 2487 1890 2537 in
1920 2487 2054 2538 Mss.
2077 2488 2230 2553 longe
2265 2489 2368 2537 alio
2393 2488 2576 2539 ordine
2607 2489 2872 2554 leguntur,
2903 2502 3056 2555 quem

842 2547 1064 2598 mutavit
1088 2545 1293 2598 Aldus)
1332 2550 1534 2613 Rupere.

1548 2858 1560 2869 '
1667 2852 1856 2923 LIB.
1927 2852 2228 2921 xxlv.

932 3069 1420 3155 Hieronymus,
1446 3074 2025 3157 Syracusanorum
2055 3079 2199 3150 rex,
2225 3072 2424 3158 cujus
2449 3090 2620 3138 avus
2643 3070 2864 3139 Hiero
2887 3071 3051 3139 ami-

837 3194 962 3240 cus
991 3174 1231 3257 populi
1264 3174 1560 3243 Romani
1580 3182 1613 3225 4
1655 3177 1899 3257 fuerat,
1933 3176 2018 3241 ad
2045 3174 2628 3260 Carthaginienses
2657 3175 2948 3258 defecit3
2985 3179 3050 3240 et

835 3282 1113 3360 propter
1151 3277 1615 3345 crudelitatem
1653 3279 2177 3364 superbiamque
2217 3296 2260 3343 a
2307 3277 2454 3343 suis
2501 3278 2888 3343 interfectus
2929 3282 3046 3343 est.

837 3376 947 3442 Ti.
1000 3378 1439 3464 Sempronius
1494 3380 1850 3448 Gracchus
1911 3379 2279 3467 proconsul
2331 3400 2664 3465 prospere
2724 3380 3050 3446 adversus

836 3478 1093 3545 Poenos
1121 3487 1189 3546 et
1214 3482 1613 3549 Hannonem
1646 3482 1889 3549 ducem
1924 3482 2012 3549 ad
2045 3482 2506 3549 Beneventum
2535 3483 2886 3567 pugnavit,
2917 3500 3051 3547 ser-

840 3602 1073 3648 vorum
1103 3585 1399 3650 maxime
1441 3606 1680 3671 opera,
1717 3592 1891 3671 qu'os
1928 3586 2185 3651 liberos
2216 3604 2364 3650 esse
2387 3584 2630 3669 jussit.
2719 3582 3048 3650 Claudius

837 3680 1210 3749 Marcellus
1236 3688 1472 3752 consul
1502 3690 1567 3753 in
1600 3687 1862 3766 Sicilia,
1894 3708 2047 3772 quae
2070 3706 2276 3772 prope
2302 3693 2448 3752 tota
2467 3684 2554 3752 ad
2579 3685 2840 3753 Poenos
2868 3686 3048 3752 dese-

836 3790 1046 3858 cerat,
1073 3785 1455 3871 Syracusas
1500 3789 1795 3855 obsedit.
1881 3788 2206 3873 Philippo
2240 3788 2696 3854 Macedonum
2734 3789 2873 3872 regi
2911 3780 3046 3848 bel-

834 3884 975 3953 lum
1020 3888 1349 3955 indictum
1401 3898 1548 3971 est3
1597 3892 1737 3975 qui,
1790 3891 1878 3957 ad
1926 3889 2370 3976 Apolloniam
2427 3898 2756 3957 nocturno
2811 3885 3046 3975 proelio

836 4008 1208 4074 oppressus
1246 3992 1682 4079 fugatusque,
1727 3996 1795 4061 in
1837 3994 2316 4060 Macedoniam
2357 4015 2513 4061 cum
2559 4012 2770 4080 prope
2815 3986 3048 4057 inermi

834 4094 1137 4157 exercitu
1168 4093 1480 4178 perfugit.
1569 4096 1684 4162 Ad
1713 4098 1782 4163 id
1814 4097 2064 4163 bellum
2085 4096 2436 4180 gerendum
2457 4097 2774 4165 Valerius
2797 4098 3049 4180 praetor

835 4192 1087 4259 missus
1116 4203 1273 4260 est.5
1364 4196 1509 4263 Res
1540 4207 1874 4284 praeterea
1891 4202 1962 4266 in
1985 4199 2333 4283 Hispania
2361 4220 2405 4266 a
2429 4199 2512 4266 P.
2537 4208 2606 4266 et
2637 4197 2763 4265 Cn.
2781 4195 3048 4280 Scipio·

836 4293 1043 4360 nibus
1071 4296 1397 4365 adversus
1428 4296 2018 4385 Carthaginienses
2057 4308 2286 4385 gestas
2329 4304 2650 4367 continet.
2739 4296 3041 4384 Syphax.

834 4414 955 4461 rex
990 4396 1455 4495 Numidarum,
1482 4402 1553 4467 in
1584 4404 1956 4471 amicitiam
1992 4403 2273 4483 ascitus,
2300 4410 2373 4469 et
2398 4424 2443 4471 a
2469 4404 2864 4476 Masinissa»
2891 4412 3043 4478 1⁶8⁰
