<?xml version="1.0" encoding="UTF-8"?>
<!DOCTYPE html PUBLIC "-//W3C//DTD XHTML 1.0 Transitional//EN"
    "http://www.w3.org/TR/xhtml1/DTD/xhtml1-transitional.dtd">
<html xmlns="http://www.w3.org/1999/xhtml" xml:lang="en" lang="en">
 <head>
  <title>
</title>
<meta http-equiv="Content-Type" content="text/html;charset=utf-8" />
  <meta name='ocr-system' content='tesseract 3.04.00' />
  <meta name='ocr-capabilities' content='ocr_page ocr_carea ocr_par ocr_line ocrx_word'/>
</head>
<body>
  <div class='ocr_page' id='page_1' title='image "./tliviipatavinih30unkngoog_0030.png"; bbox 0 0 3267 5250; ppageno 0'>
   <div class='ocr_carea' id='block_1_1' title="bbox 823 523 2119 590">
    <p class='ocr_par' dir='ltr' id='par_1_1' title="bbox 823 523 2119 590">
     <span class='ocr_line' id='line_1_1' title="bbox 823 523 2119 590; baseline -0.005 0"><span class='ocrx_word' id='word_1_1' title='bbox 823 523 1004 590; x_wconf 58' lang='lat'><strong>5921</strong></span> <span class='ocrx_word' id='word_1_2' title='bbox 1762 534 2119 588; x_wconf 67' lang='lat' dir='ltr'><strong>nmrouae</strong></span> 
     </span>
    </p>
   </div>
   <div class='ocr_carea' id='block_1_2' title="bbox 825 635 3031 973">
    <p class='ocr_par' dir='ltr' id='par_1_2' title="bbox 825 635 3031 973">
     <span class='ocr_line' id='line_1_2' title="bbox 825 635 3019 768; baseline -0.002 -17"><span class='ocrx_word' id='word_1_3' title='bbox 825 635 1258 764; x_wconf 84' lang='lat' dir='ltr'><strong>custodibus,</strong></span> <span class='ocrx_word' id='word_1_4' title='bbox 1285 701 1408 768; x_wconf 90' lang='lat' dir='ltr'><strong>per</strong></span> <span class='ocrx_word' id='word_1_5' title='bbox 1434 679 1738 749; x_wconf 77' lang='lat' dir='ltr'><strong>Tiberim</strong></span> <span class='ocrx_word' id='word_1_6' title='bbox 1767 681 1860 747; x_wconf 86' lang='lat' dir='ltr'><strong>ad</strong></span> <span class='ocrx_word' id='word_1_7' title='bbox 1886 700 2051 747; x_wconf 87' lang='lat' dir='ltr'><strong>suos</strong></span> <span class='ocrx_word' id='word_1_8' title='bbox 2078 681 2407 749; x_wconf 85' lang='lat' dir='ltr'><strong>tranavit:</strong></span> <span class='ocrx_word' id='word_1_9' title='bbox 2452 688 2546 760; x_wconf 89' lang='lat' dir='ltr'><strong>et,</strong></span> <span class='ocrx_word' id='word_1_10' title='bbox 2574 701 2728 748; x_wconf 91' lang='lat' dir='ltr'><strong>cum</strong></span> <span class='ocrx_word' id='word_1_11' title='bbox 2756 679 3019 747; x_wconf 86' lang='lat' dir='ltr'><strong>reddita</strong></span> 
     </span>
     <span class='ocr_line' id='line_1_3' title="bbox 825 781 3031 869; baseline -0.003 -15"><span class='ocrx_word' id='word_1_12' title='bbox 825 795 1040 868; x_wconf 85' lang='lat' dir='ltr'><strong>esset,</strong></span> <span class='ocrx_word' id='word_1_13' title='bbox 1101 807 1146 854; x_wconf 94' lang='lat' dir='ltr'><strong>a</strong></span> <span class='ocrx_word' id='word_1_14' title='bbox 1202 785 1512 852; x_wconf 76' lang='lat' dir='ltr'><strong>Porsena</strong></span> <span class='ocrx_word' id='word_1_15' title='bbox 1563 785 1933 860; x_wconf 74' lang='lat' dir='ltr'><strong>honorilice</strong></span> <span class='ocrx_word' id='word_1_16' title='bbox 1956 781 1989 826; x_wconf 85' lang='lat'><strong>⁶</strong></span> <span class='ocrx_word' id='word_1_17' title='bbox 2061 785 2368 862; x_wconf 79' lang='lat' dir='ltr'><strong>remissa,</strong></span> <span class='ocrx_word' id='word_1_18' title='bbox 2437 785 2729 869; x_wconf 79' lang='lat' dir='ltr'><strong>equestri</strong></span> <span class='ocrx_word' id='word_1_19' title='bbox 2798 787 3031 848; x_wconf 81' lang='lat' dir='ltr'><strong>statua</strong></span> 
     </span>
     <span class='ocr_line' id='line_1_4' title="bbox 827 887 3025 973; baseline -0.003 -16"><span class='ocrx_word' id='word_1_20' title='bbox 827 891 1076 957; x_wconf 85' lang='lat' dir='ltr'><strong>donata</strong></span> <span class='ocrx_word' id='word_1_21' title='bbox 1118 893 1250 957; x_wconf 79' lang='lat' dir='ltr'><strong>est.</strong></span> <span class='ocrx_word' id='word_1_22' title='bbox 1337 889 1473 973; x_wconf 86' lang='lat' dir='ltr'><strong>Ap.</strong></span> <span class='ocrx_word' id='word_1_23' title='bbox 1505 889 1838 956; x_wconf 83' lang='lat' dir='ltr'><strong>Claudius</strong></span> <span class='ocrx_word' id='word_1_24' title='bbox 1870 909 1961 954; x_wconf 82' lang='lat' dir='ltr'><strong>ex</strong></span> <span class='ocrx_word' id='word_1_25' title='bbox 1991 887 2261 954; x_wconf 83' lang='lat' dir='ltr'>Sabinis</span> <span class='ocrx_word' id='word_1_26' title='bbox 2308 887 2599 954; x_wconf 80' lang='lat' dir='ltr'>Romam</span> <span class='ocrx_word' id='word_1_27' title='bbox 2630 887 3025 972; x_wconf 77' lang='lat' dir='ltr'><strong>transfugit:</strong></span> 
     </span>
    </p>
   </div>
   <div class='ocr_carea' id='block_1_3' title="bbox 691 989 3031 1077">
    <p class='ocr_par' dir='ltr' id='par_1_3' title="bbox 691 989 3031 1077">
     <span class='ocr_line' id='line_1_5' title="bbox 691 989 3031 1077; baseline -0.001 -16"><span class='ocrx_word' id='word_1_28' title='bbox 691 1053 700 1061; x_wconf 93' lang='lat'><strong><em>.</em></strong></span> <span class='ocrx_word' id='word_1_29' title='bbox 827 994 917 1058; x_wconf 92' lang='lat' dir='ltr'><strong>ob</strong></span> <span class='ocrx_word' id='word_1_30' title='bbox 947 993 1072 1059; x_wconf 87' lang='lat' dir='ltr'><strong>hoc</strong></span> <span class='ocrx_word' id='word_1_31' title='bbox 1101 990 1392 1059; x_wconf 88' lang='lat' dir='ltr'><strong>Claudia</strong></span> <span class='ocrx_word' id='word_1_32' title='bbox 1429 993 1641 1058; x_wconf 87' lang='lat' dir='ltr'><strong>tribus</strong></span> <span class='ocrx_word' id='word_1_33' title='bbox 1674 991 1941 1077; x_wconf 86' lang='lat' dir='ltr'><strong>adjecta</strong></span> <span class='ocrx_word' id='word_1_34' title='bbox 1971 999 2101 1057; x_wconf 90' lang='lat' dir='ltr'><strong>est.</strong></span> <span class='ocrx_word' id='word_1_35' title='bbox 2192 989 2535 1057; x_wconf 81' lang='lat' dir='ltr'><strong>Numerus</strong></span> <span class='ocrx_word' id='word_1_36' title='bbox 2564 993 2855 1058; x_wconf 86' lang='lat' dir='ltr'><strong>tribuum</strong></span> <span class='ocrx_word' id='word_1_37' title='bbox 2886 1011 3031 1058; x_wconf 86' lang='lat' dir='ltr'><strong>am·</strong></span> 
     </span>
    </p>
   </div>
   <div class='ocr_carea' id='block_1_4' title="bbox 757 1093 3051 3553">
    <p class='ocr_par' dir='ltr' id='par_1_4' title="bbox 757 1093 3051 3553">
     <span class='ocr_line' id='line_1_6' title="bbox 827 1093 3031 1181; baseline -0.001 -20"><span class='ocrx_word' id='word_1_38' title='bbox 827 1093 1077 1181; x_wconf 87' lang='lat' dir='ltr'><strong>pliatus</strong></span> <span class='ocrx_word' id='word_1_39' title='bbox 1105 1104 1234 1176; x_wconf 90' lang='lat' dir='ltr'><strong>est,</strong></span> <span class='ocrx_word' id='word_1_40' title='bbox 1280 1103 1359 1162; x_wconf 84' lang='lat' dir='ltr'><strong>ut</strong></span> <span class='ocrx_word' id='word_1_41' title='bbox 1395 1101 1622 1162; x_wconf 88' lang='lat' dir='ltr'><strong>essent</strong></span> <span class='ocrx_word' id='word_1_42' title='bbox 1658 1095 1902 1178; x_wconf 74' lang='lat' dir='ltr'><strong>viginti</strong></span> <span class='ocrx_word' id='word_1_43' title='bbox 1932 1101 2119 1160; x_wconf 86' lang='lat' dir='ltr'><strong>una.⁷</strong></span> <span class='ocrx_word' id='word_1_44' title='bbox 2203 1093 2557 1160; x_wconf 81' lang='lat' dir='ltr'><strong>Adversus</strong></span> <span class='ocrx_word' id='word_1_45' title='bbox 2584 1095 3031 1180; x_wconf 78' lang='lat' dir='ltr'><strong>Tarquinium</strong></span> 
     </span>
     <span class='ocr_line' id='line_1_7' title="bbox 825 1197 3036 1285; baseline -0.002 -19"><span class='ocrx_word' id='word_1_46' title='bbox 825 1201 1234 1285; x_wconf 86' lang='lat' dir='ltr'><strong>Superbum,</strong></span> <span class='ocrx_word' id='word_1_47' title='bbox 1294 1197 1447 1267; x_wconf 70' lang='lat' dir='ltr'><strong>(ium</strong></span> <span class='ocrx_word' id='word_1_48' title='bbox 1503 1198 1894 1265; x_wconf 84' lang='lat' dir='ltr'><strong>Latinorum</strong></span> <span class='ocrx_word' id='word_1_49' title='bbox 1952 1197 2251 1264; x_wconf 87' lang='lat' dir='ltr'><strong>exercitu</strong></span> <span class='ocrx_word' id='word_1_50' title='bbox 2307 1198 2559 1264; x_wconf 89' lang='lat' dir='ltr'><strong>bellum</strong></span> <span class='ocrx_word' id='word_1_51' title='bbox 2623 1199 3036 1276; x_wconf 78' lang='lat' dir='ltr'><strong>inferentem,</strong></span> 
     </span>
     <span class='ocr_line' id='line_1_8' title="bbox 827 1299 3037 1388; baseline -0.001 -20"><span class='ocrx_word' id='word_1_52' title='bbox 827 1301 917 1369; x_wconf 78' lang='lat' dir='ltr'><strong>A.</strong></span> <span class='ocrx_word' id='word_1_53' title='bbox 949 1302 1352 1370; x_wconf 82' lang='lat' dir='ltr'><strong>Postumius</strong></span> <span class='ocrx_word' id='word_1_54' title='bbox 1380 1300 1671 1369; x_wconf 87' lang='lat' dir='ltr'><strong>dictator</strong></span> <span class='ocrx_word' id='word_1_55' title='bbox 1698 1319 2014 1387; x_wconf 85' lang='lat' dir='ltr'><strong>prospere</strong></span> <span class='ocrx_word' id='word_1_56' title='bbox 2057 1302 2385 1388; x_wconf 81' lang='lat' dir='ltr'><strong>pugnavit</strong></span> <span class='ocrx_word' id='word_1_57' title='bbox 2422 1299 2605 1387; x_wconf 90' lang='lat' dir='ltr'><strong>apud</strong></span> <span class='ocrx_word' id='word_1_58' title='bbox 2634 1301 2861 1366; x_wconf 83' lang='lat' dir='ltr'><strong>lacum</strong></span> <span class='ocrx_word' id='word_1_59' title='bbox 2893 1301 3037 1366; x_wconf 78' lang='lat' dir='ltr'><strong>Re-</strong></span> 
     </span>
     <span class='ocr_line' id='line_1_9' title="bbox 828 1404 3034 1491; baseline -0.001 -19"><span class='ocrx_word' id='word_1_60' title='bbox 828 1406 1081 1491; x_wconf 86' lang='lat' dir='ltr'><strong>gillum.</strong></span> <span class='ocrx_word' id='word_1_61' title='bbox 1170 1406 1406 1484; x_wconf 88' lang='lat' dir='ltr'><strong>Plebs,</strong></span> <span class='ocrx_word' id='word_1_62' title='bbox 1450 1425 1602 1471; x_wconf 89' lang='lat' dir='ltr'><strong>cum</strong></span> <span class='ocrx_word' id='word_1_63' title='bbox 1633 1411 1907 1489; x_wconf 87' lang='lat' dir='ltr'><strong>propter</strong></span> <span class='ocrx_word' id='word_1_64' title='bbox 1936 1421 2159 1470; x_wconf 82' lang='lat' dir='ltr'><strong>nexos</strong></span> <span class='ocrx_word' id='word_1_65' title='bbox 2201 1407 2290 1470; x_wconf 91' lang='lat' dir='ltr'><strong>ob</strong></span> <span class='ocrx_word' id='word_1_66' title='bbox 2336 1425 2433 1471; x_wconf 83' lang='lat' dir='ltr'><strong>aes</strong></span> <span class='ocrx_word' id='word_1_67' title='bbox 2464 1404 2758 1470; x_wconf 89' lang='lat' dir='ltr'><strong>alienum</strong></span> <span class='ocrx_word' id='word_1_68' title='bbox 2789 1407 2860 1470; x_wconf 90' lang='lat' dir='ltr'><strong>in</strong></span> <span class='ocrx_word' id='word_1_69' title='bbox 2904 1405 3034 1470; x_wconf 88' lang='lat' dir='ltr'><strong>Sa-</strong></span> 
     </span>
     <span class='ocr_line' id='line_1_10' title="bbox 787 1505 3040 1592; baseline -0.001 -16"><span class='ocrx_word' id='word_1_70' title='bbox 787 1521 796 1530; x_wconf 84' lang='lat'><strong>‘</strong></span> <span class='ocrx_word' id='word_1_71' title='bbox 830 1529 1014 1576; x_wconf 90' lang='lat' dir='ltr'><strong>crum</strong></span> <span class='ocrx_word' id='word_1_72' title='bbox 1068 1517 1362 1576; x_wconf 88' lang='lat' dir='ltr'><strong>montem</strong></span> <span class='ocrx_word' id='word_1_73' title='bbox 1385 1509 1412 1549; x_wconf 82' lang='lat'>⁸</span> <span class='ocrx_word' id='word_1_74' title='bbox 1457 1508 1882 1581; x_wconf 86' lang='lat' dir='ltr'><strong>secessisset,</strong></span> <span class='ocrx_word' id='word_1_75' title='bbox 1932 1508 2221 1574; x_wconf 87' lang='lat' dir='ltr'><strong>consilio</strong></span> <span class='ocrx_word' id='word_1_76' title='bbox 2268 1505 2568 1573; x_wconf 83' lang='lat' dir='ltr'><strong>Menenii</strong></span> <span class='ocrx_word' id='word_1_77' title='bbox 2619 1505 2947 1592; x_wconf 75' lang='lat' dir='ltr'><strong>Agrippae</strong></span> <span class='ocrx_word' id='word_1_78' title='bbox 2994 1526 3040 1573; x_wconf 87' lang='lat' dir='ltr'><strong>a</strong></span> 
     </span>
     <span class='ocr_line' id='line_1_11' title="bbox 829 1610 3037 1698; baseline -0 -19"><span class='ocrx_word' id='word_1_79' title='bbox 829 1612 1162 1680; x_wconf 87' lang='lat' dir='ltr'><strong>seditione</strong></span> <span class='ocrx_word' id='word_1_80' title='bbox 1191 1620 1514 1680; x_wconf 83' lang='lat' dir='ltr'><strong>revocata</strong></span> <span class='ocrx_word' id='word_1_81' title='bbox 1542 1620 1680 1679; x_wconf 87' lang='lat' dir='ltr'><strong>est.</strong></span> <span class='ocrx_word' id='word_1_82' title='bbox 1764 1613 1956 1680; x_wconf 84' lang='lat' dir='ltr'><strong>Idem</strong></span> <span class='ocrx_word' id='word_1_83' title='bbox 2008 1613 2341 1698; x_wconf 78' lang='lat' dir='ltr'><strong>Agrippa,</strong></span> <span class='ocrx_word' id='word_1_84' title='bbox 2397 1633 2553 1679; x_wconf 89' lang='lat' dir='ltr'><strong>cum</strong></span> <span class='ocrx_word' id='word_1_85' title='bbox 2594 1610 3037 1688; x_wconf 82' lang='lat' dir='ltr'><strong>decessisset,</strong></span> 
     </span>
     <span class='ocr_line' id='line_1_12' title="bbox 829 1713 3042 1804; baseline 0.001 -22"><span class='ocrx_word' id='word_1_86' title='bbox 829 1724 1109 1804; x_wconf 84' lang='lat' dir='ltr'><strong>propter</strong></span> <span class='ocrx_word' id='word_1_87' title='bbox 1134 1725 1591 1804; x_wconf 80' lang='lat' dir='ltr'><strong>paupertatem</strong></span> <span class='ocrx_word' id='word_1_88' title='bbox 1615 1717 1890 1802; x_wconf 88' lang='lat' dir='ltr'><strong>publico</strong></span> <span class='ocrx_word' id='word_1_89' title='bbox 1920 1717 2259 1802; x_wconf 86' lang='lat' dir='ltr'><strong>impendio</strong></span> <span class='ocrx_word' id='word_1_90' title='bbox 2289 1718 2509 1783; x_wconf 88' lang='lat' dir='ltr'><strong>elatus</strong></span> <span class='ocrx_word' id='word_1_91' title='bbox 2536 1722 2661 1782; x_wconf 88' lang='lat' dir='ltr'><strong>est.</strong></span> <span class='ocrx_word' id='word_1_92' title='bbox 2746 1713 3042 1784; x_wconf 84' lang='lat' dir='ltr'><strong>Tribuni</strong></span> 
     </span>
     <span class='ocr_line' id='line_1_13' title="bbox 828 1816 3037 1906; baseline -0.002 -19"><span class='ocrx_word' id='word_1_93' title='bbox 828 1822 1054 1906; x_wconf 88' lang='lat' dir='ltr'><strong>plebis</strong></span> <span class='ocrx_word' id='word_1_94' title='bbox 1104 1823 1396 1906; x_wconf 87' lang='lat' dir='ltr'><strong>quinque</strong></span> <span class='ocrx_word' id='word_1_95' title='bbox 1445 1823 1649 1887; x_wconf 91' lang='lat' dir='ltr'><strong>creati</strong></span> <span class='ocrx_word' id='word_1_96' title='bbox 1682 1833 1872 1885; x_wconf 75' lang='lat' dir='ltr'><strong>sunt.</strong></span> <span class='ocrx_word' id='word_1_97' title='bbox 1965 1819 2310 1905; x_wconf 88' lang='lat' dir='ltr'><strong>Oppidum</strong></span> <span class='ocrx_word' id='word_1_98' title='bbox 2340 1819 2744 1886; x_wconf 88' lang='lat' dir='ltr'><strong>Volscorum</strong></span> <span class='ocrx_word' id='word_1_99' title='bbox 2774 1816 3037 1885; x_wconf 83' lang='lat' dir='ltr'><strong>Corioli</strong></span> 
     </span>
     <span class='ocr_line' id='line_1_14' title="bbox 832 1918 3043 2008; baseline -0.002 -19"><span class='ocrx_word' id='word_1_100' title='bbox 832 1929 1104 2008; x_wconf 89' lang='lat' dir='ltr'><strong>captum</strong></span> <span class='ocrx_word' id='word_1_101' title='bbox 1135 1931 1246 1989; x_wconf 89' lang='lat' dir='ltr'><strong>est</strong></span> <span class='ocrx_word' id='word_1_102' title='bbox 1285 1924 1532 1990; x_wconf 83' lang='lat' dir='ltr'><strong>virtute</strong></span> <span class='ocrx_word' id='word_1_103' title='bbox 1579 1932 1652 1990; x_wconf 90' lang='lat' dir='ltr'><strong>et</strong></span> <span class='ocrx_word' id='word_1_104' title='bbox 1686 1943 1894 2008; x_wconf 90' lang='lat' dir='ltr'><strong>opera</strong></span> <span class='ocrx_word' id='word_1_105' title='bbox 1937 1922 2021 1991; x_wconf 83' lang='lat' dir='ltr'><strong>C.</strong></span> <span class='ocrx_word' id='word_1_106' title='bbox 2054 1923 2348 2002; x_wconf 85' lang='lat' dir='ltr'><strong>Marcii,⁹</strong></span> <span class='ocrx_word' id='word_1_107' title='bbox 2375 1923 2495 2008; x_wconf 86' lang='lat' dir='ltr'><strong>qui</strong></span> <span class='ocrx_word' id='word_1_108' title='bbox 2526 1922 2616 1986; x_wconf 94' lang='lat' dir='ltr'><strong>ob</strong></span> <span class='ocrx_word' id='word_1_109' title='bbox 2646 1921 2771 1986; x_wconf 86' lang='lat' dir='ltr'><strong>hoc</strong></span> <span class='ocrx_word' id='word_1_110' title='bbox 2800 1918 3043 1986; x_wconf 83' lang='lat' dir='ltr'><strong>Corio·</strong></span> 
     </span>
     <span class='ocr_line' id='line_1_15' title="bbox 829 2023 3040 2112; baseline -0.001 -22"><span class='ocrx_word' id='word_1_111' title='bbox 829 2027 1028 2091; x_wconf 88' lang='lat' dir='ltr'><strong>lanus</strong></span> <span class='ocrx_word' id='word_1_112' title='bbox 1073 2034 1358 2092; x_wconf 86' lang='lat' dir='ltr'><strong>vocatus</strong></span> <span class='ocrx_word' id='word_1_113' title='bbox 1407 2034 1540 2093; x_wconf 86' lang='lat' dir='ltr'><strong>est.</strong></span> <span class='ocrx_word' id='word_1_114' title='bbox 1623 2027 1739 2092; x_wconf 83' lang='lat' dir='ltr'><strong>Ti.</strong></span> <span class='ocrx_word' id='word_1_115' title='bbox 1785 2025 2144 2106; x_wconf 79' lang='lat' dir='ltr'><strong>Atinius‚¹0</strong></span> <span class='ocrx_word' id='word_1_116' title='bbox 2186 2027 2289 2092; x_wconf 86' lang='lat' dir='ltr'><strong>vir</strong></span> <span class='ocrx_word' id='word_1_117' title='bbox 2346 2026 2433 2092; x_wconf 89' lang='lat' dir='ltr'><strong>de</strong></span> <span class='ocrx_word' id='word_1_118' title='bbox 2484 2027 2707 2112; x_wconf 83' lang='lat' dir='ltr'><strong>plebe,</strong></span> <span class='ocrx_word' id='word_1_119' title='bbox 2761 2043 2916 2089; x_wconf 88' lang='lat' dir='ltr'><strong>cum</strong></span> <span class='ocrx_word' id='word_1_120' title='bbox 2966 2023 3040 2089; x_wconf 90' lang='lat' dir='ltr'><strong>in</strong></span> 
     </span>
     <span class='ocr_line' id='line_1_16' title="bbox 832 2125 3043 2214; baseline -0.001 -22"><span class='ocrx_word' id='word_1_121' title='bbox 832 2128 988 2193; x_wconf 83' lang='lat' dir='ltr'><strong>visu</strong></span> <span class='ocrx_word' id='word_1_122' title='bbox 1040 2127 1420 2196; x_wconf 87' lang='lat' dir='ltr'><strong>admonitus</strong></span> <span class='ocrx_word' id='word_1_123' title='bbox 1469 2137 1675 2209; x_wconf 87' lang='lat' dir='ltr'><strong>esset,</strong></span> <span class='ocrx_word' id='word_1_124' title='bbox 1733 2137 1813 2194; x_wconf 90' lang='lat' dir='ltr'><strong>ut</strong></span> <span class='ocrx_word' id='word_1_125' title='bbox 1858 2130 1943 2197; x_wconf 90' lang='lat' dir='ltr'><strong>de</strong></span> <span class='ocrx_word' id='word_1_126' title='bbox 2002 2128 2407 2214; x_wconf 89' lang='lat' dir='ltr'><strong>quibusdam</strong></span> <span class='ocrx_word' id='word_1_127' title='bbox 2457 2127 2898 2212; x_wconf 82' lang='lat' dir='ltr'><strong>religionibus</strong></span> <span class='ocrx_word' id='word_1_128' title='bbox 2947 2125 3043 2190; x_wconf 85' lang='lat' dir='ltr'><strong>ad</strong></span> 
     </span>
     <span class='ocr_line' id='line_1_17' title="bbox 831 2228 3051 2317; baseline -0 -22"><span class='ocrx_word' id='word_1_129' title='bbox 831 2242 1143 2296; x_wconf 88' lang='lat' dir='ltr'><strong>senatum</strong></span> <span class='ocrx_word' id='word_1_130' title='bbox 1167 2233 1500 2317; x_wconf 83' lang='lat' dir='ltr'><strong>perferret,</strong></span> <span class='ocrx_word' id='word_1_131' title='bbox 1521 2239 1595 2300; x_wconf 82' lang='lat' dir='ltr'><strong>et</strong></span> <span class='ocrx_word' id='word_1_132' title='bbox 1607 2233 2038 2316; x_wconf 84' lang='lat' dir='ltr'><strong>neglexisset,</strong></span> <span class='ocrx_word' id='word_1_133' title='bbox 2062 2233 2315 2298; x_wconf 88' lang='lat' dir='ltr'><strong>amisso</strong></span> <span class='ocrx_word' id='word_1_134' title='bbox 2339 2230 2502 2310; x_wconf 84' lang='lat' dir='ltr'><strong>filio,</strong></span> <span class='ocrx_word' id='word_1_135' title='bbox 2526 2230 2771 2297; x_wconf 88' lang='lat' dir='ltr'><strong>debilis</strong></span> <span class='ocrx_word' id='word_1_136' title='bbox 2791 2228 3051 2308; x_wconf 81' lang='lat' dir='ltr'><strong>factus,</strong></span> 
     </span>
     <span class='ocr_line' id='line_1_18' title="bbox 832 2331 3044 2418; baseline 0 -21"><span class='ocrx_word' id='word_1_137' title='bbox 832 2339 1224 2418; x_wconf 87' lang='lat' dir='ltr'><strong>postquam,</strong></span> <span class='ocrx_word' id='word_1_138' title='bbox 1270 2333 1537 2401; x_wconf 88' lang='lat' dir='ltr'><strong>delatus</strong></span> <span class='ocrx_word' id='word_1_139' title='bbox 1581 2336 1669 2403; x_wconf 89' lang='lat' dir='ltr'><strong>ad</strong></span> <span class='ocrx_word' id='word_1_140' title='bbox 1717 2343 2026 2402; x_wconf 87' lang='lat' dir='ltr'><strong>senatum</strong></span> <span class='ocrx_word' id='word_1_141' title='bbox 2055 2335 2325 2414; x_wconf 85' lang='lat' dir='ltr'><strong>lectica,</strong></span> <span class='ocrx_word' id='word_1_142' title='bbox 2366 2335 2598 2400; x_wconf 88' lang='lat' dir='ltr'><strong>eadem</strong></span> <span class='ocrx_word' id='word_1_143' title='bbox 2637 2335 2755 2399; x_wconf 87' lang='lat' dir='ltr'><strong>illa</strong></span> <span class='ocrx_word' id='word_1_144' title='bbox 2784 2331 3044 2397; x_wconf 86' lang='lat' dir='ltr'><strong>indica-</strong></span> 
     </span>
     <span class='ocr_line' id='line_1_19' title="bbox 833 2435 3044 2522; baseline 0 -25"><span class='ocrx_word' id='word_1_145' title='bbox 833 2442 1044 2511; x_wconf 79' lang='lat' dir='ltr'><strong>verat,</strong></span> <span class='ocrx_word' id='word_1_146' title='bbox 1091 2455 1214 2502; x_wconf 86' lang='lat' dir='ltr'><strong>usu</strong></span> <span class='ocrx_word' id='word_1_147' title='bbox 1253 2435 1501 2522; x_wconf 88' lang='lat' dir='ltr'><strong>pedum</strong></span> <span class='ocrx_word' id='word_1_148' title='bbox 1549 2447 1849 2522; x_wconf 87' lang='lat' dir='ltr'><strong>recepto,</strong></span> <span class='ocrx_word' id='word_1_149' title='bbox 1896 2437 2168 2504; x_wconf 88' lang='lat' dir='ltr'><strong>domum</strong></span> <span class='ocrx_word' id='word_1_150' title='bbox 2196 2457 2505 2503; x_wconf 81' lang='lat' dir='ltr'><strong>reversus</strong></span> <span class='ocrx_word' id='word_1_151' title='bbox 2533 2443 2657 2502; x_wconf 89' lang='lat' dir='ltr'><strong>est.</strong></span> <span class='ocrx_word' id='word_1_152' title='bbox 2747 2436 2921 2503; x_wconf 88' lang='lat' dir='ltr'><strong>Cum</strong></span> <span class='ocrx_word' id='word_1_153' title='bbox 2958 2435 3044 2502; x_wconf 85' lang='lat' dir='ltr'><strong>G.</strong></span> 
     </span>
     <span class='ocr_line' id='line_1_20' title="bbox 757 2535 3047 2627; baseline 0.002 -25"><span class='ocrx_word' id='word_1_154' title='bbox 757 2578 764 2584; x_wconf 92' lang='lat'>-</span> <span class='ocrx_word' id='word_1_155' title='bbox 837 2535 1142 2603; x_wconf 80' lang='lat' dir='ltr'><strong>Marcius</strong></span> <span class='ocrx_word' id='word_1_156' title='bbox 1199 2536 1627 2620; x_wconf 78' lang='lat' dir='ltr'><strong>Coriolanus,</strong></span> <span class='ocrx_word' id='word_1_157' title='bbox 1685 2543 1801 2627; x_wconf 88' lang='lat' dir='ltr'><strong>qui</strong></span> <span class='ocrx_word' id='word_1_158' title='bbox 1866 2541 1939 2606; x_wconf 91' lang='lat' dir='ltr'><strong>in</strong></span> <span class='ocrx_word' id='word_1_159' title='bbox 2004 2541 2281 2606; x_wconf 85' lang='lat' dir='ltr'><strong>exilium</strong></span> <span class='ocrx_word' id='word_1_160' title='bbox 2335 2548 2480 2606; x_wconf 88' lang='lat' dir='ltr'><strong>erat</strong></span> <span class='ocrx_word' id='word_1_161' title='bbox 2556 2541 2821 2627; x_wconf 63' lang='lat' dir='ltr'><strong>pulsu-⁰0,</strong></span> <span class='ocrx_word' id='word_1_162' title='bbox 2896 2539 3047 2606; x_wconf 81' lang='lat' dir='ltr'><strong>dux</strong></span> 
     </span>
     <span class='ocr_line' id='line_1_21' title="bbox 833 2636 3049 2719; baseline 0.002 -17"><span class='ocrx_word' id='word_1_163' title='bbox 833 2636 1251 2707; x_wconf 88' lang='lat' dir='ltr'><strong>Volscorum</strong></span> <span class='ocrx_word' id='word_1_164' title='bbox 1274 2642 1523 2719; x_wconf 81' lang='lat' dir='ltr'><strong>factus,</strong></span> <span class='ocrx_word' id='word_1_165' title='bbox 1549 2644 1915 2709; x_wconf 84' lang='lat' dir='ltr'><strong>exercitum</strong></span> <span class='ocrx_word' id='word_1_166' title='bbox 1937 2642 2230 2708; x_wconf 83' lang='lat' dir='ltr'><strong>hostiurn</strong></span> <span class='ocrx_word' id='word_1_167' title='bbox 2257 2645 2405 2709; x_wconf 89' lang='lat' dir='ltr'><strong>urbi</strong></span> <span class='ocrx_word' id='word_1_168' title='bbox 2438 2643 2678 2709; x_wconf 77' lang='lat' dir='ltr'><strong>Romoe</strong></span> <span class='ocrx_word' id='word_1_169' title='bbox 2704 2649 2751 2681; x_wconf 80' lang='lat'><strong>⁸¹</strong></span> <span class='ocrx_word' id='word_1_170' title='bbox 2810 2641 3049 2708; x_wconf 89' lang='lat' dir='ltr'><strong>admo-</strong></span> 
     </span>
     <span class='ocr_line' id='line_1_22' title="bbox 835 2742 3049 2831; baseline 0.002 -24"><span class='ocrx_word' id='word_1_171' title='bbox 835 2742 1069 2822; x_wconf 86' lang='lat' dir='ltr'><strong>visset,</strong></span> <span class='ocrx_word' id='word_1_172' title='bbox 1117 2752 1188 2809; x_wconf 87' lang='lat' dir='ltr'><strong>et</strong></span> <span class='ocrx_word' id='word_1_173' title='bbox 1221 2746 1414 2811; x_wconf 90' lang='lat' dir='ltr'><strong>missi</strong></span> <span class='ocrx_word' id='word_1_174' title='bbox 1443 2746 1534 2811; x_wconf 90' lang='lat' dir='ltr'><strong>ad</strong></span> <span class='ocrx_word' id='word_1_175' title='bbox 1559 2766 1713 2811; x_wconf 87' lang='lat' dir='ltr'><strong>eum</strong></span> <span class='ocrx_word' id='word_1_176' title='bbox 1760 2746 2045 2831; x_wconf 88' lang='lat' dir='ltr'><strong>primum</strong></span> <span class='ocrx_word' id='word_1_177' title='bbox 2092 2746 2323 2830; x_wconf 86' lang='lat' dir='ltr'><strong>legati,</strong></span> <span class='ocrx_word' id='word_1_178' title='bbox 2377 2753 2618 2831; x_wconf 87' lang='lat' dir='ltr'><strong>postea</strong></span> <span class='ocrx_word' id='word_1_179' title='bbox 2656 2744 3049 2811; x_wconf 85' lang='lat' dir='ltr'><strong>sacerdotes</strong></span> 
     </span>
     <span class='ocr_line' id='line_1_23' title="bbox 835 2841 3050 2933; baseline 0.002 -26"><span class='ocrx_word' id='word_1_180' title='bbox 835 2841 1082 2912; x_wconf 82' lang='lat' dir='ltr'><strong>frustra</strong></span> <span class='ocrx_word' id='word_1_181' title='bbox 1111 2846 1455 2932; x_wconf 88' lang='lat' dir='ltr'><strong>deprecati</strong></span> <span class='ocrx_word' id='word_1_182' title='bbox 1483 2856 1737 2927; x_wconf 85' lang='lat' dir='ltr'><strong>essent,</strong></span> <span class='ocrx_word' id='word_1_183' title='bbox 1766 2868 1851 2913; x_wconf 91' lang='lat' dir='ltr'><strong>ne</strong></span> <span class='ocrx_word' id='word_1_184' title='bbox 1879 2848 2126 2913; x_wconf 90' lang='lat' dir='ltr'><strong>bellum</strong></span> <span class='ocrx_word' id='word_1_185' title='bbox 2157 2849 2395 2933; x_wconf 82' lang='lat' dir='ltr'><strong>patriae</strong></span> <span class='ocrx_word' id='word_1_186' title='bbox 2418 2848 2721 2929; x_wconf 80' lang='lat' dir='ltr'><strong>inferret3</strong></span> <span class='ocrx_word' id='word_1_187' title='bbox 2763 2846 3050 2913; x_wconf 88' lang='lat' dir='ltr'><strong>Veturia</strong></span> 
     </span>
     <span class='ocr_line' id='line_1_24' title="bbox 835 2950 3047 3036; baseline 0 -22"><span class='ocrx_word' id='word_1_188' title='bbox 835 2955 1054 3014; x_wconf 86' lang='lat' dir='ltr'><strong>mater</strong></span> <span class='ocrx_word' id='word_1_189' title='bbox 1080 2958 1153 3015; x_wconf 91' lang='lat' dir='ltr'><strong>et</strong></span> <span class='ocrx_word' id='word_1_190' title='bbox 1179 2950 1550 3017; x_wconf 87' lang='lat' dir='ltr'><strong>Volumnia</strong></span> <span class='ocrx_word' id='word_1_191' title='bbox 1578 2970 1753 3017; x_wconf 86' lang='lat' dir='ltr'><strong>uxor</strong></span> <span class='ocrx_word' id='word_1_192' title='bbox 1780 2952 2307 3036; x_wconf 84' lang='lat' dir='ltr'><strong>impetraverunt</strong></span> <span class='ocrx_word' id='word_1_193' title='bbox 2329 2953 2419 3016; x_wconf 88' lang='lat' dir='ltr'><strong>ab</strong></span> <span class='ocrx_word' id='word_1_194' title='bbox 2442 2972 2550 3031; x_wconf 91' lang='lat' dir='ltr'><strong>eo,</strong></span> <span class='ocrx_word' id='word_1_195' title='bbox 2582 2958 2657 3017; x_wconf 88' lang='lat' dir='ltr'><strong>ut</strong></span> <span class='ocrx_word' id='word_1_196' title='bbox 2684 2950 3047 3018; x_wconf 85' lang='lat' dir='ltr'><strong>recederet.</strong></span> 
     </span>
     <span class='ocr_line' id='line_1_25' title="bbox 839 3048 3049 3140; baseline 0.001 -24"><span class='ocrx_word' id='word_1_197' title='bbox 839 3048 988 3116; x_wconf 81' lang='lat' dir='ltr'><strong>Lex</strong></span> <span class='ocrx_word' id='word_1_198' title='bbox 1019 3051 1279 3134; x_wconf 87' lang='lat' dir='ltr'><strong>agraria</strong></span> <span class='ocrx_word' id='word_1_199' title='bbox 1306 3056 1599 3137; x_wconf 87' lang='lat' dir='ltr'><strong>primum</strong></span> <span class='ocrx_word' id='word_1_200' title='bbox 1628 3055 1773 3120; x_wconf 88' lang='lat' dir='ltr'><strong>lata</strong></span> <span class='ocrx_word' id='word_1_201' title='bbox 1800 3062 1924 3120; x_wconf 88' lang='lat' dir='ltr'><strong>est.</strong></span> <span class='ocrx_word' id='word_1_202' title='bbox 1998 3054 2047 3121; x_wconf 87' lang='lat' dir='ltr'>S</span> <span class='ocrx_word' id='word_1_203' title='bbox 2054 3075 2121 3140; x_wconf 91' lang='lat' dir='ltr'><strong>p.</strong></span> <span class='ocrx_word' id='word_1_204' title='bbox 2147 3054 2427 3121; x_wconf 86' lang='lat' dir='ltr'><strong>Cassius</strong></span> <span class='ocrx_word' id='word_1_205' title='bbox 2458 3054 2839 3121; x_wconf 88' lang='lat' dir='ltr'><strong>consularis</strong></span> <span class='ocrx_word' id='word_1_206' title='bbox 2862 3056 3049 3138; x_wconf 87' lang='lat' dir='ltr'><strong>regni</strong></span> 
     </span>
     <span class='ocr_line' id='line_1_26' title="bbox 839 3154 3046 3243; baseline 0.003 -27"><span class='ocrx_word' id='word_1_207' title='bbox 839 3154 1115 3219; x_wconf 88' lang='lat' dir='ltr'><strong>crimine</strong></span> <span class='ocrx_word' id='word_1_208' title='bbox 1145 3154 1500 3223; x_wconf 88' lang='lat' dir='ltr'><strong>damnatus</strong></span> <span class='ocrx_word' id='word_1_209' title='bbox 1530 3164 1639 3222; x_wconf 89' lang='lat' dir='ltr'><strong>est</strong></span> <span class='ocrx_word' id='word_1_210' title='bbox 1668 3164 2105 3243; x_wconf 85' lang='lat' dir='ltr'><strong>necatusque.</strong></span> <span class='ocrx_word' id='word_1_211' title='bbox 2196 3155 2449 3243; x_wconf 84' lang='lat' dir='ltr'><strong>Oppia,</strong></span> <span class='ocrx_word' id='word_1_212' title='bbox 2487 3160 2673 3242; x_wconf 80' lang='lat' dir='ltr'><strong>virgo</strong></span> <span class='ocrx_word' id='word_1_213' title='bbox 2703 3156 3046 3233; x_wconf 87' lang='lat' dir='ltr'><strong>Vestalis,</strong></span> 
     </span>
     <span class='ocr_line' id='line_1_27' title="bbox 840 3256 3049 3327; baseline 0.002 -8"><span class='ocrx_word' id='word_1_214' title='bbox 840 3256 932 3320; x_wconf 92' lang='lat' dir='ltr'><strong>ob</strong></span> <span class='ocrx_word' id='word_1_215' title='bbox 957 3257 1284 3323; x_wconf 88' lang='lat' dir='ltr'><strong>incestum</strong></span> <span class='ocrx_word' id='word_1_216' title='bbox 1314 3260 1475 3325; x_wconf 82' lang='lat' dir='ltr'><strong>viva</strong></span> <span class='ocrx_word' id='word_1_217' title='bbox 1504 3260 1775 3325; x_wconf 78' lang='lat' dir='ltr'><strong>defossa</strong></span> <span class='ocrx_word' id='word_1_218' title='bbox 1804 3266 1929 3325; x_wconf 89' lang='lat' dir='ltr'><strong>est.</strong></span> <span class='ocrx_word' id='word_1_219' title='bbox 2018 3259 2191 3326; x_wconf 82' lang='lat' dir='ltr'><strong>Cum</strong></span> <span class='ocrx_word' id='word_1_220' title='bbox 2222 3262 2429 3326; x_wconf 78' lang='lat' dir='ltr'><strong>vicini</strong></span> <span class='ocrx_word' id='word_1_221' title='bbox 2458 3260 2687 3327; x_wconf 88' lang='lat' dir='ltr'><strong>hostes</strong></span> <span class='ocrx_word' id='word_1_222' title='bbox 2717 3260 3049 3326; x_wconf 86' lang='lat' dir='ltr'><strong>Veientes</strong></span> 
     </span>
     <span class='ocr_line' id='line_1_28' title="bbox 837 3355 3050 3447; baseline 0.003 -26"><span class='ocrx_word' id='word_1_223' title='bbox 837 3355 1252 3426; x_wconf 90' lang='lat' dir='ltr'><strong>incommodi</strong></span> <span class='ocrx_word' id='word_1_224' title='bbox 1280 3362 1526 3445; x_wconf 88' lang='lat' dir='ltr'><strong>magis,</strong></span> <span class='ocrx_word' id='word_1_225' title='bbox 1557 3382 1761 3447; x_wconf 85' lang='lat' dir='ltr'><strong>quam</strong></span> <span class='ocrx_word' id='word_1_226' title='bbox 1793 3381 2054 3445; x_wconf 84' lang='lat' dir='ltr'><strong>graves,</strong></span> <span class='ocrx_word' id='word_1_227' title='bbox 2097 3370 2347 3440; x_wconf 89' lang='lat' dir='ltr'><strong>essent,</strong></span> <span class='ocrx_word' id='word_1_228' title='bbox 2391 3363 2645 3429; x_wconf 83' lang='lat' dir='ltr'><strong>familia</strong></span> <span class='ocrx_word' id='word_1_229' title='bbox 2677 3361 3050 3428; x_wconf 85' lang='lat' dir='ltr'><strong>Fabiorum</strong></span> 
     </span>
     <span class='ocr_line' id='line_1_29' title="bbox 839 3458 3049 3553; baseline 0.002 -29"><span class='ocrx_word' id='word_1_230' title='bbox 839 3458 913 3525; x_wconf 91' lang='lat' dir='ltr'><strong>id</strong></span> <span class='ocrx_word' id='word_1_231' title='bbox 960 3460 1210 3527; x_wconf 89' lang='lat' dir='ltr'><strong>bellum</strong></span> <span class='ocrx_word' id='word_1_232' title='bbox 1255 3465 1616 3548; x_wconf 89' lang='lat' dir='ltr'><strong>gerendum</strong></span> <span class='ocrx_word' id='word_1_233' title='bbox 1668 3464 2115 3551; x_wconf 80' lang='lat' dir='ltr'><strong>depoposcit3</strong></span> <span class='ocrx_word' id='word_1_234' title='bbox 2161 3466 2477 3553; x_wconf 89' lang='lat' dir='ltr'><strong>misitque</strong></span> <span class='ocrx_word' id='word_1_235' title='bbox 2492 3462 2579 3531; x_wconf 82' lang='lat' dir='ltr'><strong>‘in</strong></span> <span class='ocrx_word' id='word_1_236' title='bbox 2616 3466 2684 3531; x_wconf 91' lang='lat' dir='ltr'><strong>id</strong></span> <span class='ocrx_word' id='word_1_237' title='bbox 2716 3471 3049 3531; x_wconf 89' lang='lat' dir='ltr'><strong>trecentos</strong></span> 
     </span>
    </p>
   </div>
   <div class='ocr_carea' id='block_1_5' title="bbox 1766 3662 2130 3687">
    <p class='ocr_par' dir='ltr' id='par_1_5' title="bbox 1766 3662 2130 3687">
     <span class='ocr_line' id='line_1_30' title="bbox 1766 3662 2130 3687; baseline -0.005 -1"><span class='ocrx_word' id='word_1_238' title='bbox 1766 3662 2130 3687; x_wconf 62' lang='lat' dir='ltr'><strong>mommo</strong></span> 
     </span>
    </p>
   </div>
   <div class='ocr_carea' id='block_1_6' title="bbox 839 3793 3057 4123">
    <p class='ocr_par' dir='ltr' id='par_1_6' title="bbox 839 3793 3057 4123">
     <span class='ocr_line' id='line_1_31' title="bbox 839 3793 3051 3864; baseline 0.001 -20"><span class='ocrx_word' id='word_1_239' title='bbox 839 3794 1028 3844; x_wconf 67' lang='lat' dir='ltr'><strong>niem</strong></span> <span class='ocrx_word' id='word_1_240' title='bbox 1048 3793 1172 3846; x_wconf 80' lang='lat' dir='ltr'><strong>edd.</strong></span> <span class='ocrx_word' id='word_1_241' title='bbox 1195 3802 1319 3845; x_wconf 77' lang='lat' dir='ltr'><strong>ante</strong></span> <span class='ocrx_word' id='word_1_242' title='bbox 1339 3794 1614 3858; x_wconf 58' lang='lat' dir='ltr'><strong>sigona-0</strong></span> <span class='ocrx_word' id='word_1_243' title='bbox 1649 3796 1791 3847; x_wconf 78' lang='lat' dir='ltr'><strong>Esset</strong></span> <span class='ocrx_word' id='word_1_244' title='bbox 1812 3798 2038 3848; x_wconf 71' lang='lat' dir='ltr'><strong>Por-seua</strong></span> <span class='ocrx_word' id='word_1_245' title='bbox 2050 3814 2073 3859; x_wconf 88' lang='lat'><strong>,-</strong></span> <span class='ocrx_word' id='word_1_246' title='bbox 2106 3796 2359 3864; x_wconf 67' lang='lat' dir='ltr'><strong>honor-{tice</strong></span> <span class='ocrx_word' id='word_1_247' title='bbox 2380 3796 2544 3847; x_wconf 86' lang='lat' dir='ltr'><strong>Gron.</strong></span> <span class='ocrx_word' id='word_1_248' title='bbox 2566 3796 2780 3862; x_wconf 83' lang='lat' dir='ltr'><strong>Doujst.</strong></span> <span class='ocrx_word' id='word_1_249' title='bbox 2794 3796 2953 3846; x_wconf 69' lang='lat' dir='ltr'><strong>(lu-ev.</strong></span> <span class='ocrx_word' id='word_1_250' title='bbox 2980 3812 3051 3849; x_wconf 86' lang='lat' dir='ltr'><strong>ex</strong></span> 
     </span>
     <span class='ocr_line' id='line_1_32' title="bbox 839 3852 3055 3927; baseline 0.001 -17"><span class='ocrx_word' id='word_1_251' title='bbox 839 3860 1050 3910; x_wconf 83' lang='lat' dir='ltr'><strong>emend.</strong></span> <span class='ocrx_word' id='word_1_252' title='bbox 1073 3860 1282 3923; x_wconf 58' lang='grc' dir='ltr'><strong>δίκαις</strong></span> <span class='ocrx_word' id='word_1_253' title='bbox 1313 3870 1370 3911; x_wconf 84' lang='lat' dir='ltr'><strong>et</strong></span> <span class='ocrx_word' id='word_1_254' title='bbox 1393 3876 1514 3911; x_wconf 81' lang='lat' dir='ltr'><strong>mox</strong></span> <span class='ocrx_word' id='word_1_255' title='bbox 1545 3864 1843 3926; x_wconf 71' lang='lat' dir='ltr'><strong>equestrique</strong></span> <span class='ocrx_word' id='word_1_256' title='bbox 1877 3864 2070 3914; x_wconf 73' lang='lat' dir='ltr'><strong>habent</strong></span> <span class='ocrx_word' id='word_1_257' title='bbox 2094 3863 2317 3913; x_wconf 59' lang='grc' dir='ltr'><strong>θεὼ-7</strong></span> <span class='ocrx_word' id='word_1_258' title='bbox 2354 3864 2371 3891; x_wconf 89' lang='lat'>‘</span> <span class='ocrx_word' id='word_1_259' title='bbox 2392 3852 2505 3927; x_wconf 57' lang='lat' dir='ltr'><strong>Aps</strong></span> <span class='ocrx_word' id='word_1_260' title='bbox 2517 3864 2748 3913; x_wconf 69' lang='lat' dir='ltr'><strong>Claudius</strong></span> <span class='ocrx_word' id='word_1_261' title='bbox 2766 3878 2831 3913; x_wconf 72' lang='lat' dir='ltr'><strong>ex</strong></span> <span class='ocrx_word' id='word_1_262' title='bbox 2852 3862 3055 3913; x_wconf 70' lang='lat' dir='ltr'><strong>Sabinis</strong></span> 
     </span>
     <span class='ocr_line' id='line_1_33' title="bbox 843 3924 3057 3995; baseline 0.002 -20"><span class='ocrx_word' id='word_1_263' title='bbox 843 3956 862 3975; x_wconf 84' lang='grc'><strong>.</strong></span> <span class='ocrx_word' id='word_1_264' title='bbox 878 3960 893 3977; x_wconf 85' lang='grc'><strong>.</strong></span> <span class='ocrx_word' id='word_1_265' title='bbox 911 3958 926 3975; x_wconf 90' lang='grc'><strong>.</strong></span> <span class='ocrx_word' id='word_1_266' title='bbox 944 3956 960 3973; x_wconf 84' lang='lat'><strong>.</strong></span> <span class='ocrx_word' id='word_1_267' title='bbox 979 3924 1166 3987; x_wconf 63' lang='lat' dir='ltr'><strong>vietum·</strong></span> <span class='ocrx_word' id='word_1_268' title='bbox 1201 3940 1316 3985; x_wconf 65' lang='lat' dir='ltr'><strong>aaa,</strong></span> <span class='ocrx_word' id='word_1_269' title='bbox 1337 3926 1451 3977; x_wconf 67' lang='lat' dir='ltr'><strong>boc</strong></span> <span class='ocrx_word' id='word_1_270' title='bbox 1474 3929 1528 3977; x_wconf 87' lang='lat' dir='ltr'><strong>in</strong></span> <span class='ocrx_word' id='word_1_271' title='bbox 1551 3928 1789 3977; x_wconf 85' lang='lat' dir='ltr'><strong>omnibus</strong></span> <span class='ocrx_word' id='word_1_272' title='bbox 1814 3928 1945 3981; x_wconf 62' lang='grc' dir='ltr'><strong>Μαι.</strong></span> <span class='ocrx_word' id='word_1_273' title='bbox 1965 3936 2019 3980; x_wconf 84' lang='lat' dir='ltr'><strong>et</strong></span> <span class='ocrx_word' id='word_1_274' title='bbox 2042 3931 2229 3995; x_wconf 78' lang='lat' dir='ltr'><strong>priscis</strong></span> <span class='ocrx_word' id='word_1_275' title='bbox 2254 3928 2376 3979; x_wconf 81' lang='lat' dir='ltr'><strong>edd.</strong></span> <span class='ocrx_word' id='word_1_276' title='bbox 2400 3930 2644 3991; x_wconf 81' lang='lat' dir='ltr'><strong>leguntur</strong></span> <span class='ocrx_word' id='word_1_277' title='bbox 2668 3934 2789 3993; x_wconf 85' lang='lat' dir='ltr'><strong>post</strong></span> <span class='ocrx_word' id='word_1_278' title='bbox 2808 3936 3057 3979; x_wconf 74' lang='lat' dir='ltr'><strong>extrema</strong></span> 
     </span>
     <span class='ocr_line' id='line_1_34' title="bbox 841 3989 3055 4057; baseline 0.003 -19"><span class='ocrx_word' id='word_1_279' title='bbox 841 3989 1048 4053; x_wconf 84' lang='lat' dir='ltr'><strong>periodi</strong></span> <span class='ocrx_word' id='word_1_280' title='bbox 1081 4005 1192 4055; x_wconf 87' lang='lat' dir='ltr'><strong>seq.</strong></span> <span class='ocrx_word' id='word_1_281' title='bbox 1215 3990 1376 4043; x_wconf 79' lang='lat' dir='ltr'><strong>verba</strong></span> <span class='ocrx_word' id='word_1_282' title='bbox 1412 3994 1540 4057; x_wconf 70' lang='lat' dir='ltr'><strong>opud</strong></span> <span class='ocrx_word' id='word_1_283' title='bbox 1562 3994 1719 4043; x_wconf 70' lang='lat' dir='ltr'><strong>laesa·</strong></span> <span class='ocrx_word' id='word_1_284' title='bbox 1742 3993 2003 4055; x_wconf 58' lang='lat' dir='ltr'><strong>Regulum</strong></span> <span class='ocrx_word' id='word_1_285' title='bbox 2070 3994 2239 4045; x_wconf 80' lang='lat' dir='ltr'><strong>Aldus</strong></span> <span class='ocrx_word' id='word_1_286' title='bbox 2262 4008 2324 4045; x_wconf 80' lang='lat' dir='ltr'><strong>es</strong></span> <span class='ocrx_word' id='word_1_287' title='bbox 2350 3996 2687 4057; x_wconf 78' lang='lat' dir='ltr'><strong>transposuit,</strong></span> <span class='ocrx_word' id='word_1_288' title='bbox 2711 3993 2836 4057; x_wconf 81' lang='lat' dir='ltr'><strong>quia</strong></span> <span class='ocrx_word' id='word_1_289' title='bbox 2856 3993 2943 4045; x_wconf 79' lang='lat' dir='ltr'><strong>hie</strong></span> <span class='ocrx_word' id='word_1_290' title='bbox 2964 4002 3055 4045; x_wconf 80' lang='lat' dir='ltr'><strong>est</strong></span> 
     </span>
     <span class='ocr_line' id='line_1_35' title="bbox 841 4054 3052 4123; baseline 0.003 -21"><span class='ocrx_word' id='word_1_291' title='bbox 841 4054 968 4103; x_wconf 88' lang='lat' dir='ltr'><strong>ordo</strong></span> <span class='ocrx_word' id='word_1_292' title='bbox 1007 4069 1178 4105; x_wconf 85' lang='lat' dir='ltr'><strong>rernm</strong></span> <span class='ocrx_word' id='word_1_293' title='bbox 1216 4056 1271 4106; x_wconf 89' lang='lat' dir='ltr'><strong>in</strong></span> <span class='ocrx_word' id='word_1_294' title='bbox 1307 4056 1474 4109; x_wconf 79' lang='lat' dir='ltr'><strong>Livio.</strong></span> <span class='ocrx_word' id='word_1_295' title='bbox 1542 4058 1779 4107; x_wconf 75' lang='lat' dir='ltr'><strong>Eundem</strong></span> <span class='ocrx_word' id='word_1_296' title='bbox 1812 4073 1954 4123; x_wconf 67' lang='lat' dir='ltr'><strong>sepe</strong></span> <span class='ocrx_word' id='word_1_297' title='bbox 1976 4059 2045 4110; x_wconf 82' lang='lat' dir='ltr'><strong>ab</strong></span> <span class='ocrx_word' id='word_1_298' title='bbox 2067 4066 2279 4111; x_wconf 74' lang='lat' dir='ltr'><strong>auctore</strong></span> <span class='ocrx_word' id='word_1_299' title='bbox 2301 4058 2479 4108; x_wconf 80' lang='lat' dir='ltr'><strong>barum</strong></span> <span class='ocrx_word' id='word_1_300' title='bbox 2504 4058 2865 4123; x_wconf 84' lang='lat' dir='ltr'><strong>Epitomarum</strong></span> <span class='ocrx_word' id='word_1_301' title='bbox 2886 4056 3052 4109; x_wconf 80' lang='lat' dir='ltr'><strong>fuisse</strong></span> 
     </span>
    </p>
   </div>
   <div class='ocr_carea' id='block_1_7' title="bbox 741 4119 3051 4188">
    <p class='ocr_par' dir='ltr' id='par_1_7' title="bbox 741 4119 3051 4188">
     <span class='ocr_line' id='line_1_36' title="bbox 741 4119 3051 4188; baseline 0.003 -21"><span class='ocrx_word' id='word_1_302' title='bbox 741 4138 750 4145; x_wconf 90' lang='lat'><strong>·</strong></span> <span class='ocrx_word' id='word_1_303' title='bbox 839 4119 1126 4181; x_wconf 75' lang='lat' dir='ltr'><strong>turbatum,</strong></span> <span class='ocrx_word' id='word_1_304' title='bbox 1147 4121 1236 4170; x_wconf 82' lang='lat' dir='ltr'><strong>sed</strong></span> <span class='ocrx_word' id='word_1_305' title='bbox 1262 4120 1451 4183; x_wconf 77' lang='lat' dir='ltr'><strong>ubivis,</strong></span> <span class='ocrx_word' id='word_1_306' title='bbox 1485 4122 1528 4171; x_wconf 82' lang='lat' dir='ltr'><strong>sl</strong></span> <span class='ocrx_word' id='word_1_307' title='bbox 1561 4122 1743 4173; x_wconf 76' lang='lat' dir='ltr'><strong>ultima</strong></span> <span class='ocrx_word' id='word_1_308' title='bbox 1767 4125 1927 4173; x_wconf 79' lang='lat' dir='ltr'><strong>verba</strong></span> <span class='ocrx_word' id='word_1_309' title='bbox 1963 4124 2111 4188; x_wconf 82' lang='lat' dir='ltr'><strong>Epit.</strong></span> <span class='ocrx_word' id='word_1_310' title='bbox 2134 4138 2258 4176; x_wconf 85' lang='lat' dir='ltr'><strong>cm.</strong></span> <span class='ocrx_word' id='word_1_311' title='bbox 2282 4124 2631 4188; x_wconf 81' lang='lat' dir='ltr'><strong>excipiantur,</strong></span> <span class='ocrx_word' id='word_1_312' title='bbox 2656 4126 2953 4175; x_wconf 82' lang='lat' dir='ltr'><strong>restitutum</strong></span> <span class='ocrx_word' id='word_1_313' title='bbox 2980 4126 3051 4175; x_wconf 76' lang='lat' dir='ltr'><strong>ab</strong></span> 
     </span>
    </p>
   </div>
   <div class='ocr_carea' id='block_1_8' title="bbox 841 4181 3053 4383">
    <p class='ocr_par' dir='ltr' id='par_1_8' title="bbox 841 4181 3053 4383">
     <span class='ocr_line' id='line_1_37' title="bbox 841 4181 3050 4252; baseline 0.003 -19"><span class='ocrx_word' id='word_1_314' title='bbox 841 4181 1152 4245; x_wconf 80' lang='lat' dir='ltr'><strong>editoribus,</strong></span> <span class='ocrx_word' id='word_1_315' title='bbox 1177 4186 1346 4236; x_wconf 80' lang='lat' dir='ltr'><strong>Drsk·</strong></span> <span class='ocrx_word' id='word_1_316' title='bbox 1366 4187 1433 4238; x_wconf 79' lang='lat' dir='ltr'><strong>ad</strong></span> <span class='ocrx_word' id='word_1_317' title='bbox 1469 4188 1520 4237; x_wconf 80' lang='lat' dir='ltr'><strong>h.</strong></span> <span class='ocrx_word' id='word_1_318' title='bbox 1553 4190 1588 4237; x_wconf 87' lang='grc' dir='ltr'><strong>Ι.</strong></span> <span class='ocrx_word' id='word_1_319' title='bbox 1620 4197 1678 4238; x_wconf 84' lang='lat' dir='ltr'><strong>et</strong></span> <span class='ocrx_word' id='word_1_320' title='bbox 1716 4190 1907 4252; x_wconf 80' lang='lat' dir='ltr'><strong>passim</strong></span> <span class='ocrx_word' id='word_1_321' title='bbox 1942 4190 2159 4241; x_wconf 87' lang='lat' dir='ltr'><strong>monuit.</strong></span> <span class='ocrx_word' id='word_1_322' title='bbox 2227 4191 2340 4242; x_wconf 84' lang='lat' dir='ltr'><strong>Nos</strong></span> <span class='ocrx_word' id='word_1_323' title='bbox 2361 4190 2414 4239; x_wconf 87' lang='lat' dir='ltr'><strong>id</strong></span> <span class='ocrx_word' id='word_1_324' title='bbox 2438 4191 2603 4239; x_wconf 84' lang='lat' dir='ltr'><strong>semel</strong></span> <span class='ocrx_word' id='word_1_325' title='bbox 2624 4190 2883 4241; x_wconf 84' lang='lat' dir='ltr'><strong>monuisse</strong></span> <span class='ocrx_word' id='word_1_326' title='bbox 2906 4188 3050 4239; x_wconf 76' lang='lat' dir='ltr'><strong>suffi-</strong></span> 
     </span>
     <span class='ocr_line' id='line_1_38' title="bbox 844 4246 3053 4318; baseline 0.004 -21"><span class='ocrx_word' id='word_1_327' title='bbox 844 4246 993 4298; x_wconf 59' lang='lat' dir='ltr'><strong>ciat?</strong></span> <span class='ocrx_word' id='word_1_328' title='bbox 1028 4248 1232 4313; x_wconf 70' lang='lat' dir='ltr'><strong>Rnpere.</strong></span> <span class='ocrx_word' id='word_1_329' title='bbox 1299 4250 1406 4300; x_wconf 89' lang='lat' dir='ltr'><strong>Pro</strong></span> <span class='ocrx_word' id='word_1_330' title='bbox 1441 4252 1621 4314; x_wconf 64' lang='lat' dir='ltr'><strong>viginti</strong></span> <span class='ocrx_word' id='word_1_331' title='bbox 1656 4252 1851 4304; x_wconf 84' lang='lat' dir='ltr'><strong>babent</strong></span> <span class='ocrx_word' id='word_1_332' title='bbox 1886 4255 2093 4318; x_wconf 72' lang='lat' dir='ltr'><strong>triginta</strong></span> <span class='ocrx_word' id='word_1_333' title='bbox 2129 4254 2249 4305; x_wconf 87' lang='lat' dir='ltr'><strong>edd.</strong></span> <span class='ocrx_word' id='word_1_334' title='bbox 2290 4264 2411 4305; x_wconf 78' lang='lat' dir='ltr'><strong>ante</strong></span> <span class='ocrx_word' id='word_1_335' title='bbox 2446 4255 2727 4318; x_wconf 82' lang='lat' dir='ltr'><strong>Sigon.—8</strong></span> <span class='ocrx_word' id='word_1_336' title='bbox 2760 4254 2960 4305; x_wconf 68' lang='lat' dir='ltr'><strong>Sum</strong></span> <span class='ocrx_word' id='word_1_337' title='bbox 2997 4255 3053 4305; x_wconf 72' lang='lat' dir='ltr'><strong>in</strong></span> 
     </span>
     <span class='ocr_line' id='line_1_39' title="bbox 841 4314 3053 4383; baseline 0.004 -22"><span class='ocrx_word' id='word_1_338' title='bbox 841 4317 1049 4362; x_wconf 72' lang='lat' dir='ltr'><strong>montem</strong></span> <span class='ocrx_word' id='word_1_339' title='bbox 1083 4314 1250 4364; x_wconf 85' lang='lat' dir='ltr'><strong>Gron.</strong></span> <span class='ocrx_word' id='word_1_340' title='bbox 1287 4316 1501 4381; x_wconf 87' lang='lat' dir='ltr'><strong>Doujat.</strong></span> <span class='ocrx_word' id='word_1_341' title='bbox 1535 4318 1692 4367; x_wconf 78' lang='lat' dir='ltr'><strong>Crev-</strong></span> <span class='ocrx_word' id='word_1_342' title='bbox 1714 4318 2013 4370; x_wconf 60' lang='lat' dir='ltr'><strong>Stroth—0</strong></span> <span class='ocrx_word' id='word_1_343' title='bbox 2049 4322 2141 4369; x_wconf 74' lang='lat' dir='ltr'><strong>Cn.</strong></span> <span class='ocrx_word' id='word_1_344' title='bbox 2164 4320 2341 4369; x_wconf 74' lang='lat' dir='ltr'><strong>Martii</strong></span> <span class='ocrx_word' id='word_1_345' title='bbox 2358 4317 2479 4369; x_wconf 80' lang='lat' dir='ltr'><strong>edd.</strong></span> <span class='ocrx_word' id='word_1_346' title='bbox 2500 4330 2621 4369; x_wconf 76' lang='lat' dir='ltr'><strong>ante</strong></span> <span class='ocrx_word' id='word_1_347' title='bbox 2644 4322 2952 4383; x_wconf 57' lang='lat' dir='ltr'><strong>sigone-10</strong></span> <span class='ocrx_word' id='word_1_348' title='bbox 2991 4318 3053 4369; x_wconf 75' lang='lat' dir='ltr'><strong>T.</strong></span> 
     </span>
    </p>
   </div>
   <div class='ocr_carea' id='block_1_9' title="bbox 842 4376 3055 4515">
    <p class='ocr_par' dir='ltr' id='par_1_9' title="bbox 842 4376 3055 4515">
     <span class='ocr_line' id='line_1_40' title="bbox 842 4376 3055 4446; baseline 0.004 -20"><span class='ocrx_word' id='word_1_349' title='bbox 842 4376 1050 4427; x_wconf 70' lang='lat' dir='ltr'><strong>Latinus</strong></span> <span class='ocrx_word' id='word_1_350' title='bbox 1084 4376 1205 4428; x_wconf 84' lang='lat' dir='ltr'><strong>edd.</strong></span> <span class='ocrx_word' id='word_1_351' title='bbox 1241 4388 1366 4431; x_wconf 80' lang='lat' dir='ltr'><strong>ante</strong></span> <span class='ocrx_word' id='word_1_352' title='bbox 1403 4382 1579 4446; x_wconf 81' lang='lat' dir='ltr'><strong>Sigon.</strong></span> <span class='ocrx_word' id='word_1_353' title='bbox 1615 4388 1673 4433; x_wconf 88' lang='lat' dir='ltr'><strong>et</strong></span> <span class='ocrx_word' id='word_1_354' title='bbox 1714 4384 1771 4436; x_wconf 78' lang='grc' dir='ltr'><strong>Τ.</strong></span> <span class='ocrx_word' id='word_1_355' title='bbox 1804 4382 2031 4434; x_wconf 68' lang='lat' dir='ltr'><strong>Latinius</strong></span> <span class='ocrx_word' id='word_1_356' title='bbox 2070 4392 2179 4435; x_wconf 79' lang='lat' dir='ltr'><strong>vet.</strong></span> <span class='ocrx_word' id='word_1_357' title='bbox 2214 4384 2303 4435; x_wconf 80' lang='lat' dir='ltr'><strong>lib.</strong></span> <span class='ocrx_word' id='word_1_358' title='bbox 2340 4385 2479 4445; x_wconf 77' lang='lat' dir='ltr'><strong>apud</strong></span> <span class='ocrx_word' id='word_1_359' title='bbox 2514 4384 2673 4434; x_wconf 82' lang='lat' dir='ltr'><strong>eund.</strong></span> <span class='ocrx_word' id='word_1_360' title='bbox 2722 4384 2828 4434; x_wconf 69' lang='lat' dir='ltr'><strong>m.</strong></span> <span class='ocrx_word' id='word_1_361' title='bbox 2850 4383 3055 4434; x_wconf 65' lang='lat' dir='ltr'><strong>Atinias</strong></span> 
     </span>
     <span class='ocr_line' id='line_1_41' title="bbox 844 4439 3053 4515; baseline 0.004 -24"><span class='ocrx_word' id='word_1_362' title='bbox 844 4439 1012 4493; x_wconf 84' lang='lat' dir='ltr'><strong>Gron.</strong></span> <span class='ocrx_word' id='word_1_363' title='bbox 1036 4442 1380 4507; x_wconf 81' lang='lat' dir='ltr'><strong>Doujst.-ll</strong></span> <span class='ocrx_word' id='word_1_364' title='bbox 1419 4446 1484 4498; x_wconf 86' lang='lat' dir='ltr'><strong>In</strong></span> <span class='ocrx_word' id='word_1_365' title='bbox 1521 4446 1645 4498; x_wconf 83' lang='lat' dir='ltr'><strong>odd.</strong></span> <span class='ocrx_word' id='word_1_366' title='bbox 1674 4456 1797 4499; x_wconf 77' lang='lat' dir='ltr'><strong>ante</strong></span> <span class='ocrx_word' id='word_1_367' title='bbox 1828 4448 2005 4515; x_wconf 77' lang='lat' dir='ltr'><strong>Sigon.</strong></span> <span class='ocrx_word' id='word_1_368' title='bbox 2032 4450 2189 4513; x_wconf 70' lang='lat' dir='ltr'><strong>prium</strong></span> <span class='ocrx_word' id='word_1_369' title='bbox 2216 4462 2315 4513; x_wconf 87' lang='lat' dir='ltr'><strong>pro</strong></span> <span class='ocrx_word' id='word_1_370' title='bbox 2346 4449 2515 4498; x_wconf 69' lang='lat' dir='ltr'><strong>Rana</strong></span> <span class='ocrx_word' id='word_1_371' title='bbox 2532 4449 2829 4514; x_wconf 78' lang='lat' dir='ltr'><strong>legebatur,</strong></span> <span class='ocrx_word' id='word_1_372' title='bbox 2850 4457 2907 4501; x_wconf 81' lang='lat' dir='ltr'><strong>et</strong></span> <span class='ocrx_word' id='word_1_373' title='bbox 2928 4464 3053 4514; x_wconf 89' lang='lat' dir='ltr'><strong>sup.</strong></span> 
     </span>
    </p>
   </div>
  </div>
 </body>
</html>
