3267 5250
854 429 1035 496 3946
1134 503 1139 507 .
1801 449 2144 502 nmroiffl

1710 719 1897 786 LIB.
1944 719 2217 789 xxn.

948 923 1321 1002 Hannibal,
1374 943 1495 1008 per
1549 922 1904 990 continuas
1975 924 2244 1008 vigilias
2309 925 2383 991 in
2448 927 2814 1011 paludibus
2866 930 3063 996 oculo

856 1028 1131 1105 amisso,
1178 1028 1361 1094 venit
1393 1028 1459 1092 in
1490 1026 1865 1108 Etruriam;
1911 1047 2030 1111 per
2057 1047 2232 1113 quas
2272 1028 2556 1114 paludes
2607 1033 2964 1114 quatriduo
2997 1040 3066 1098 et

855 1130 1067 1195 tribus
1108 1131 1423 1196 noctibus
1474 1130 1621 1194 sine
1667 1128 1812 1194 ulla
1857 1131 2094 1215 requie
2138 1131 2264 1196 iter
2303 1131 2490 1197 fecit.
2577 1133 2657 1198 C.
2689 1135 3065 1202 Flaminius

856 1234 1120 1311 consul,
1150 1234 1349 1298 bomo
1379 1233 1792 1310 temerarius,
1833 1238 2066 1298 contra
2093 1235 2401 1318 auspicia
2440 1235 2809 1318 profectus,
2849 1238 3063 1321 signis

854 1337 1261 1402 militaribus
1310 1335 1604 1415 effossis,
1657 1357 1812 1421 quae
1865 1337 2015 1400 tolli
2055 1357 2191 1402 non
2223 1344 2560 1421 poterant,
2610 1347 2685 1405 et
2729 1341 2819 1406 ab
2869 1361 3066 1426 equo,

854 1459 1056 1524 quem
1082 1439 1592 1516 conscenderat,
1632 1457 1755 1523 per
1781 1445 1990 1524 caput
2031 1438 2410 1518 devolutus,
2451 1441 2714 1508 insidiis
2745 1444 2834 1508 ab
2875 1443 3068 1508 Han·

852 1543 1081 1610 nibale
1128 1544 1652 1620 circumventuS,
1693 1541 1782 1607 ad
1817 1542 2280 1608 Trasimenum
2319 1545 2544 1610 lacum
2581 1564 2734 1610 cum
2767 1547 3066 1612 exercitu

853 1667 1079 1714 caesus
1108 1652 1237 1711 est.
1324 1646 1466 1711 Sex
1494 1645 1734 1724 millia,
1765 1665 1919 1730 quae
1949 1653 2320 1732 eruperant,
2363 1647 2494 1712 fide
2533 1649 2623 1712 ab
2667 1647 3066 1714 Maharbale

802 1803 807 1806 .
852 1751 1033 1827 data,
1086 1749 1365 1834 perfidia
1412 1748 1828 1814 Hannibalis
1871 1749 2101 1815 vincta
2143 1755 2326 1816 sunt.
2417 1749 2592 1816 Cum
2635 1750 2723 1815 ad
2761 1751 3067 1817 nuntium

853 1855 1075 1920 cladis
1126 1853 1371 1919 Romae
1421 1852 1650 1917 luctus
1701 1858 1905 1932 esset,
1965 1851 2123 1919 duee
2183 1859 2456 1930 matreS,
2502 1874 2592 1920 ex
2613 1859 2662 1894 ¹³
2715 1855 3064 1939 insperato

852 1959 1139 2043 receptis
1184 1957 1369 2033 filiis,
1418 1955 1665 2039 gaudio
1705 1961 1988 2020 mortuae
2019 1962 2197 2023 sunt.
2289 1958 2398 2022 Ob
2449 1956 2624 2022 banc
2675 1956 2939 2022 cladem
2977 1977 3068 2022 ex

851 2061 1201 2146 Sibyllinis
1230 2060 1423 2125 libris
1450 2077 1571 2124 ver
1596 2076 1863 2123 sacrum
1890 2065 2146 2124 votum.
2221 2059 2393 2125 Cum
2415 2058 2663 2125 deinde
2689 2057 2778 2140 Q.
2805 2060 3066 2127 Fabms

854 2154 1208 2230 Maximus
1260 2164 1570 2239 dictator,
1626 2161 1956 2228 adversus
2005 2163 2462 2228 Hannibalem
2509 2164 2786 2241 missus,
2851 2165 3069 2229 nollet

852 2269 1003 2332 acie
1051 2288 1207 2333 cum
1250 2287 1335 2332 eo
1387 2265 1768 2348 confligere,
1822 2286 1930 2344 ne,
1991 2271 2224 2332 contra
2267 2266 2561 2330 ferocem
2609 2272 2708 2332 tot
2760 2265 3066 2332 victoriis

850 2371 1139 2450 bostem,
1170 2372 1466 2435 territum
1506 2367 1808 2435 adversis
1853 2370 2108 2452 praeliis
2152 2369 2436 2434 militem
2477 2388 2724 2453 pugnae
2757 2370 3064 2434 commit·

846 2481 1036 2551 teret,
1080 2481 1185 2552 et,
1206 2471 1613 2558 opponendo
1663 2491 1738 2536 se
1777 2472 2269 2551 tantummodo,
2317 2481 2601 2538 conatus
2651 2471 3066 2537 Hannibalis

850 2577 1247 2662 impediret3
1296 2574 1395 2639 M.
1428 2573 1778 2639 Minucius
1811 2576 2130 2659 magister
2173 2575 2500 2661 equitum,
2539 2575 2733 2641 ferox
2760 2581 2829 2641 et
2857 2581 3066 2640 teme·

847 2681 1087 2760 rarius,
1116 2677 1531 2746 criminando
1556 2678 1959 2744 dictatorem
1989 2685 2309 2765 tanquam
2340 2698 2609 2761 segnem
2633 2686 2701 2744 et
2729 2677 3066 2756 timidum,

849 2782 1094 2861 effecit,
1137 2789 1212 2848 nt
1252 2779 1490 2866 populi
1508 2780 1716 2865 jussu
1763 2790 2138 2867 aequaretur
2173 2783 2235 2847 ei
2283 2802 2438 2848 cum
2484 2782 2808 2847 dictatore
2849 2782 3066 2865 impe-

846 2886 1137 2968 rinm;¹⁴
1180 2884 1538 2970 divisoque
1568 2886 1894 2963 exercitu,
1940 2904 2092 2950 cum
2145 2880 2384 2969 iniquo
2430 2887 2585 2951 loco
2616 2886 3062 2963 conflixisset,

846 2995 919 3055 et
960 2991 1029 3054 in
1085 2989 1385 3055 maximo
1431 2985 1818 3054 discrimine
1867 2990 2171 3073 legiones
2225 2990 2380 3075 ejus
2433 2995 2684 3067 essent,
2745 3008 3066 3071 superve-

844 3093 1064 3157 niente
1096 3112 1246 3159 cum
1276 3092 1576 3157 exercitu
1602 3091 1820 3158 Fabio
1845 3092 2158 3159 Maximo
2177 3092 2551 3157 discrimine
2577 3083 2906 3157 liberatus
2930 3100 3062 3157 est.

848 3196 1008 3275 Quo
1064 3194 1396 3260 beneficio
1450 3193 1664 3259 victus
1710 3200 1940 3260 castra
2004 3214 2158 3261 cum
2225 3214 2310 3259 eo
2348 3192 2607 3279 junxit,
2673 3200 2740 3258 et
2796 3201 3066 3277 patrem

849 3317 1003 3363 eum
1032 3298 1397 3377 salutavit;
1443 3295 1755 3382 idem-que
1787 3295 2006 3362 facere
2046 3298 2290 3362 milites
2311 3298 2594 3383 jussit.¹⁵
2686 3295 3064 3374 Hannibal,

842 3406 1112 3467 vastata
1142 3398 1547 3482 Campania,
1577 3397 1746 3463 inter
1784 3399 2163 3466 Casilinum
2195 3399 2520 3485 oppidum
2551 3401 2618 3465 et
2647 3398 3066 3464 Calliculam

842 3509 1139 3569 montem
1170 3522 1213 3567 a
1244 3501 1463 3567 Fabio
1493 3502 1796 3581 clausus,
1837 3504 2192 3569 sarmentis
2235 3504 2322 3569 ad
2354 3520 2607 3567 cornua
2654 3502 2859 3566 boum
2905 3502 3065 3567 alli-

843 3608 1020 3690 gatis
1040 3604 1094 3646 ¹⁶
1136 3611 1203 3669 et
1240 3605 1557 3682 incensis,
1621 3604 2014 3688 praesidium
2058 3604 2544 3681 Romanorum,
2609 3602 2794 3689 quod
2846 3603 3062 3669 Galli-

842 3712 1067 3777 culam
1112 3708 1481 3785 insidebat,
1523 3706 1809 3789 fugavit,
1856 3714 1927 3771 et
1961 3706 2064 3773 sic
2105 3715 2564 3791 transgressus
2604 3712 2710 3771 est
2757 3706 3060 3771 saltum:

842 3812 1156 3900 idemque
1184 3812 1349 3891 Q.¹⁷
1398 3810 1599 3877 Fabii
1630 3809 1927 3875 Maximi
1959 3810 2337 3890 dictatoris,
2375 3830 2528 3874 cum
2571 3802 3064 3889 circumposita

840 3924 1084 3996 ureret,
1148 3935 1309 4001 agro
1356 3913 1688 3998 pepercit,
1751 3920 1830 3977 ut
1875 3914 2064 3979 illum
2109 3918 2436 3998 tanquam
2480 3911 2895 3998 proditorem
2946 3922 3062 3968 su-

1763 4098 1914 4121 O‘OOO
1918 4098 2130 4123 emm

905 4238 969 4284 1³
1003 4236 1087 4285 Ex
1108 4232 1211 4284 del.
1234 4234 1399 4285 Gron.
1423 4234 1644 4297 Doant.
1665 4232 1954 4285 Crem—14
1996 4234 2064 4282 En·
2097 4232 2348 4297 imperium
2380 4247 2489 4283 em
2516 4232 2755 4283 dictatore
2784 4229 3064 4295 captaretur

838 4300 973 4350 eud·
1040 4300 1169 4349 Mox
1203 4301 1256 4348 in
1284 4299 1447 4361 iniquo
1482 4298 1649 4349 Gron.
1677 4297 2023 4361 marjan—1⁶
2060 4298 2284 4361 Idemque
2319 4300 2498 4349 milites
2517 4300 2686 4360 facere
2719 4289 3058 4344 com-mm·

838 4366 923 4415 ou
943 4366 1090 4428 jusu
1114 4364 1236 4416 eud.
1260 4374 1381 4416 nme
1404 4365 1713 4429 sigum-1⁶
1751 4362 1942 4427 ιεςαεε
1965 4363 2133 4415 oron.
2156 4364 2372 4428 nonjn.
2391 4364 2674 4416 crem-1⁴1
2711 4361 2772 4405 e·
2795 4346 2899 4398 del·
2915 4348 3062 4397 end-
