3267 5250
882 419 1061 488 59⁷6
1819 391 2170 493 art-roim

885 581 1353 669 dixeruntque,
1380 601 1535 650 eum
1560 570 1998 668 conspirasse
2026 605 2183 652 cum
2211 587 2554 656 Antiocho
2595 598 2832 659 contra
2869 610 3072 680 popu-

882 687 1025 752 lum
1079 686 1491 753 Romanum.
1606 687 1920 754 Societas
1974 709 2130 754 cum
2209 690 2506 758 Rhodiis
2564 693 3072 778 deprecantibus

872 787 1117 874 juncta
1145 797 1275 856 est.
1359 788 1680 855 Lustrum
1708 809 1753 856 a
1783 793 2176 856 censoribus
2207 793 2558 860 conditum
2585 801 2712 866 est.
2784 796 3008 864 censa
3026 809 3076 838 ¹⁰

886 898 1047 958 sunt
1088 891 1341 958 civium
1388 893 1618 978 capita
1661 898 1970 959 trecenta
2013 895 2250 978 viginti
2301 905 2563 982 septem
2607 898 2822 966 millia
2849 901 3073 982 viginti

886 997 1044 1063 duo.
1132 995 1465 1077 Princeps
1492 998 1768 1058 senatus
1793 994 2028 1060 lectus.
2049 995 2148 1060 Μ.
2179 997 2499 1064 AEmilius
2529 998 2853 1083 Lepidus.
2914 1001 3074 1066 Pto-

884 1099 1165 1164 lemaeus
1194 1097 1477 1182 AEgypti
1501 1103 1548 1135 ¹¹
1578 1115 1721 1174 rex,
1751 1097 1993 1179 pulsus
2023 1117 2226 1180 regno
2255 1117 2298 1164 a
2326 1101 2574 1166 minore
2601 1101 2830 1182 fratre,
2858 1104 3078 1168 missis

886 1203 976 1268 ad
1006 1222 1162 1268 eum
1188 1200 1445 1283 legatis,
1468 1197 1814 1270 restitutus
1839 1205 1972 1262 est.
2056 1198 2409 1266 Ariarathe
2438 1200 2908 1287 Cappadociae
2935 1226 3078 1288 rege

879 1311 1167 1382 mortuo,
1194 1301 1375 1366 filius
1398 1300 1549 1385 ejus
1578 1298 1973 1366 Ariarathes
1997 1319 2268 1384 regnum
2299 1304 2597 1387 accepit,
2618 1311 2685 1370 et
2707 1307 3076 1372 amicitiam

882 1426 1039 1474 cum
1069 1404 1325 1491 populo
1354 1403 1670 1469 Romano
1695 1422 1814 1488 per
1839 1402 2102 1486 legatos
2129 1407 2492 1470 renovavit.
2581 1405 2728 1473 Res
2758 1415 3079 1492 praeterea

884 1509 1205 1574 adversus
1256 1506 1531 1590 Ligures
1580 1512 1648 1571 et
1667 1511 1720 1544 ¹²
1762 1502 2015 1571 Corsos
2069 1515 2144 1571 et
2189 1507 2556 1574 Lusitanos
2606 1511 2804 1577 vario.
2841 1521 3078 1578 eventu

883 1617 1137 1696 gestas,
1167 1614 1237 1674 et
1264 1615 1485 1674 motus
1506 1607 1747 1693 Syriae,
1777 1613 2038 1674 mortuo
2068 1607 2436 1690 Antiocho,
2461 1612 2580 1696 qui
2611 1612 2820 1680 filium
2847 1610 3078 1678 Antio·

882 1715 1077 1780 chum
1109 1731 1395 1797 puerum
1426 1709 1788 1777 admodum
1821 1711 2212 1797 reliquerat,
2237 1715 2562 1780 continet.
2649 1715 2862 1780 Hunc
2890 1715 3082 1781 Anti·

883 1816 1129 1881 ochum
1187 1829 1470 1899 puerum
1524 1832 1682 1878 cum
1740 1813 1958 1898 Lysia
2006 1820 2228 1880 tutore
2249 1824 2296 1863 ¹³
2346 1816 2757 1896 Demetrius,
2813 1818 3078 1885 Seleuci

882 1919 1090 1998 filius,
1120 1918 1241 2003 qui
1274 1916 1515 1982 Romae
1544 1917 1753 1982 obses
1781 1916 2024 1997 fuerat,
2053 1917 2257 1996 clam,
2281 1919 2441 2003 quia
2469 1938 2606 1984 non
2627 1918 3081 1986 dimittebatur

884 2041 929 2086 a
979 2019 1335 2098 Romanis,
1385 2019 1751 2099 interemit3
1796 2025 1868 2083 et
1925 2019 2076 2102 ipse
2127 2019 2198 2084 in
2257 2039 2530 2104 regnum
2578 2027 2918 2105 receptus.
3005 2024 3079 2088 L.

884 2122 1167 2189 AEmilio
1198 2122 1469 2200 Paullo,
1501 2120 1617 2205 qui
1663 2119 1920 2186 Persen
1959 2121 2242 2201 vicerat,
2290 2131 2580 2200 mortno,
2627 2131 2817 2190 tanta
2841 2133 2900 2174 ¹4
2940 2125 3080 2222 ejus

883 2221 1290 2290 abstinentia
1332 2222 1487 2300 fuit,
1530 2231 1628 2301 ut,
1680 2240 1837 2287 cum
1881 2241 1974 2288 ex
2023 2221 2373 2309 Hispania
2417 2232 2483 2291 et
2532 2245 2626 2291 ex
2673 2225 3082 2294 Macedonia

883 2329 1251 2393 immensas
1296 2345 1465 2411 opes
1510 2325 1875 2405 retulisset,
1905 2327 2028 2392 vix
2058 2347 2146 2391 ex
2191 2329 2507 2393 auctione
2554 2327 2706 2413 ejus
2743 2329 3084 2395 redactum

882 2431 993 2508 sit,
1022 2429 1199 2495 unde
1231 2430 1426 2494 uxori
1456 2427 1605 2512 ejus
1635 2428 1762 2493 dos
1793 2429 2206 2494 solveretur-¹
2213 2436 2237 2478 ⁵
2319 2429 2702 2514 Pomptinae
2732 2431 3014 2517 paludes
3042 2452 3082 2496 a

848 2532 1195 2601 ‘Cornelio
1225 2528 1521 2614 Cethego
1552 2530 1856 2608 consule,
1905 2532 2016 2596 cui
2059 2551 2144 2596 ea
2189 2533 2541 2617 provincia
2583 2543 2926 2614 evenerat,
2955 2537 3082 2600 sic·

886 2641 1081 2716 catoe,
1111 2654 1399 2721 agerque
1420 2653 1511 2699 ex
1538 2634 1625 2699 iis
1655 2633 1904 2698 factus.

1800 2798 1890 2821 ”O
1924 2800 2040 2821 ‘m
2044 2800 2162 2822 0000

884 2886 940 2937 Si
945 2898 1045 2948 gon
1049 2888 1163 2934 .—9
1200 2884 1251 2934 D
1518 2898 1577 2933 ιιι·
1610 2883 1660 2933 al
1666 2886 1814 2934 .—10
1846 2882 2106 2935 Inseritur
2139 2883 2191 2933 ln
2226 2884 2347 2933 edd.
2383 2890 2520 2934 a.ntt
2550 2898 2652 2933 vox
2675 2899 2748 2934 eo
2795 2883 2988 2934 ‘Forte
3013 2899 3082 2944 ex

881 2952 987 3001 Ms-
1007 2950 1127 3002 Jac.
1144 2951 1288 3001 Sum
1308 2958 1368 3000 et
1387 2951 1534 3000 Plut.
1561 2948 1730 2998 AEmil.
1755 2963 1806 3012 p.
1828 2952 1944 2999 2⁷6.
1967 2951 2070 3014 leg.
2095 2949 2559 2999 CCCXXXVII-⁹
2576 2948 2712 3013 Pigb
2717 2952 2862 2998 .—11
2899 2950 3080 3017 Βηρ-

879 3014 1057 3065 tio‘rum
1079 3016 1147 3067 al.
1231 3014 1363 3065 Mox
1381 3030 1413 3064 a
1435 3015 1616 3065 minore
1641 3012 1808 3074 fratre
1841 3029 1870 3063 e
1900 3029 2052 3076 reg-ao
2079 3016 2249 3079 pulsu
2271 3015 2434 3066 Gron.
2461 3014 2630 3079 Douja
2601 2964 2679 3063 agr
2698 3014 2850 3093 cmv:
2853 3020 2986 3065 -12
3017 3016 3083 3064 Et

880 3080 986 3130 del.
1008 3080 1207 3130 ale-18
1244 3079 1622 3142 &minuerunt
1660 3079 1728 3128 al.
1757 3092 1874 3128 cum
1912 3086 2044 3131 vett.
2082 3078 2209 3130 libb.
2232 3094 2317 3143 ap.
2352 3080 2406 3128 Si
2392 3093 2530 3157 ugon.
2597 3080 2730 3129 Mox
2763 3078 2843 3143 qui
2883 3080 3084 3129 Βοσιαιιι

880 3143 1012 3195 obm
1046 3144 1218 3194 missua
1243 3144 1413 3203 fueret
1436 3144 1601 3195 Gron.
1623 3144 1845 3209 Doujat.
1867 3143 2024 3195 (ξι-ον.
2091 3143 2303 3194 Deinde
2325 3144 2521 3195 minim
2539 3144 2944 3193 dimittebam-le
2915 3146 3084 3207 egitur

880 3210 987 3259 ine
958 3208 1079 3259 e.dd
1101 3216 1223 3258 ante
1244 3210 1299 3259 Si
1304 3224 1423 3271 gom
1486 3209 1620 3258 Post
1639 3208 1754 3259 hec
1776 3207 1936 3258 verba
1959 3208 2218 3259 excidisse
2237 3224 2337 3261 vox
2358 3210 2544 3273 elopem
2566 3208 2834 3259 Gronovio
2859 3208 3081 3259 videtur.

880 3277 1014 3325 —14
1046 3274 1107 3323 L.
1146 3273 1375 3323 AEmiliua
1409 3274 1654 3324 Paullus.
1751 3278 2016 3335 monum,
2050 3272 2186 3335 cqy‘toe
2229 3279 2366 3324 tantu
2401 3274 2571 3325 Gron.
2609 3272 2726 3322 Don
2697 3274 2820 3337 njat.
2862 3274 3017 3324 Crev.
3023 3300 3084 3310 —

881 3340 945 3387 15
980 3340 1221 3389 Quattuor
1241 3352 1322 3388 me
1294 3338 1574 3400 ambr-me,
1592 3344 1728 3387 teste
1750 3337 1918 3388 Gron.
1939 3338 2195 3388 immensa·
2211 3354 2323 3403 opes
2356 3344 2404 3389 et
2441 3340 2873 3404 spoliaretuliuet,
2905 3340 2996 3390 uix
3023 3352 3084 3388 ex

880 3403 1099 3455 auctione
1120 3402 1223 3467 όιιι
1240 3405 1484 3455 reductum
1504 3404 1593 3467 ait,
1609 3404 1735 3454 unde
1754 3404 1896 3453 uxori
1915 3402 2020 3465 qiu
2039 3405 2127 3453 dou
2143 3404 2422 3456 solveretur.

1703 3666 1890 3735 LIB.
1949 3664 2269 3736 XLVII.

967 3830 1095 3923 Cn.
1124 3856 1485 3924 Tremellio
1508 3854 1776 3920 tribuno
1803 3853 2024 3939 plebis
2051 3853 2314 3919 mulcta
2342 3853 2528 3921 dicta
2550 3860 2679 3934 est,
2709 3854 2898 3940 quod
2926 3875 3080 3920 cum

879 3956 982 4027 M.
1014 3958 1291 4026 AEmilio
1322 3958 1586 4045 Lepido
1622 3958 1960 4044 ,pontifice
2001 3958 2302 4023 maximo
2346 3958 2671 4043 injuriose
2719 3958 3082 4024 contende·

872 4069 1023 4145 rat3
1082 4084 1581 4150 sacrorumque,
1633 4082 1838 4149 quam
1905 4058 2499 4145 magistratuum,¹⁶
2549 4060 2672 4148 jus
2735 4060 3079 4146 potentius

1799 4226 2166 4251 momen„

947 4326 1011 4375 16
1044 4324 1125 4375 Ex
1142 4324 1347 4379 emend.
1370 4326 1547 4383 oron.
1560 4342 1656 4395 pro
1677 4342 2006 4395 morumque
2027 4329 2416 4393 magistrumn,
2438 4327 2576 4395 qnod
2599 4288 2796 4395 promit
2813 4326 2992 4394 sigon.
3011 4340 3078 4379 ex
