3267 5250
1144 515 1642 570 FRAGMENTA.
2127 549 2134 554 -
2318 499 2494 566 591⁵

288 668 311 700 ‘
332 663 605 742 Vincis,
635 660 917 734 Ooesar?
1002 660 1656 766 obstupescentibus
1683 657 1848 739 illis,
1884 659 2004 745 qui
2041 659 2347 740 aderant,
2375 661 2496 727 de·

290 773 503 833 tracta
530 769 746 853 capiti
774 785 1051 844 corona,
1072 764 1339 849 juravit
1364 783 1496 830 non
1524 763 1718 848 prius
1747 781 1823 828 se
1851 763 2294 848 repositurum
2322 783 2498 844 eam,

290 887 492 952 quam
538 870 669 938 arti
710 869 1178 956 respondisset
1222 855 1531 934 eventus.
1622 864 1786 932 Hoc
1815 865 2052 932 Livius
2084 885 2314 934 verum
2345 887 2496 934 esse

293 969 655 1134 affii’rffitin
694 1070 853 1134 Cn.
882 1093 943 1154 p.
972 1078 1113 1137 ⁸7³0.
1176 1069 1277 1135 cf.
1301 1067 1571 1133 Freinsh.
1602 1067 1824 1153 Suppl.
1853 1086 1998 1134 cxl.
2028 1076 2129 1135 ⁸⁷2.
2173 1069 2343 1133 Gen.
2377 1089 2495 1133 xv.

290 1175 387 1230 18.
434 1167 671 1232 Lucan.
700 1185 827 1230 vn.
861 1175 1003 1232 192.
1048 1168 1173 1231 Dio
1196 1177 1261 1230 et
1286 1170 1517 1251 obnoq.

1126 1364 1236 1436 'An
1284 1384 1437 1436 mn.
1484 1383 1686 1434 exn.

377 1519 891 1606 Quadringenta
917 1521 1133 1587 millia
1176 1521 1495 1589 librorum
1523 1519 1973 1589 Alexandriae
2003 1527 2324 1601 arserunt,
2353 1521 2500 1608 pul-

274 1623 691 1691 cherrimum
760 1625 964 1709 regiae
1028 1624 1398 1708 opulentiae
1464 1634 1990 1691 monumentum.
2027 1701 2038 1712 ¹
2101 1625 2298 1690 Alius
2360 1625 2504 1692 lau-

296 1727 580 1802 daverit,
629 1727 813 1794 sicut
854 1726 1120 1804 Livius,
1164 1729 1285 1814 qui
1328 1727 1686 1812 elegantiae
1718 1747 1943 1814 regum
1975 1745 2292 1815 curaeque
2321 1747 2499 1812 egre-

294 1830 474 1914 gium
502 1829 575 1894 id
607 1849 789 1913 opus
820 1830 920 1895 ait
946 1829 1180 1896 fuisse.
1659 1909 1664 1912 ,

378 1927 619 1990 Seneca
654 1929 732 1990 de
766 1929 993 2012 Tranq.
1026 1929 1153 1992 An.
1188 1950 1248 1993 c.
1283 1937 1351 1992 9.
1410 1929 1511 1992 cf.
1540 1929 1718 1994 Oros.
1747 1947 1842 1994 vl.
1875 1937 1976 1997 15.
2023 1930 2146 1994 Dio
2185 1947 2360 1993 an.
2403 1937 2504 1996 38.

298 2023 533 2106 Heynii
560 2025 793 2109 Opusc.
822 2027 1030 2089 Acad.
1058 2036 1104 2088 t.
1136 2043 1184 2089 1.
1215 2048 1278 2110 p.
1306 2034 1447 2090 119.
1474 2047 1566 2110 sq.

1116 2259 1225 2309 AD
1273 2257 1425 2310 1018.
1470 2258 1690 2310 cxlv.

388 2393 575 2461 Hoec
602 2395 689 2461 de
722 2395 949 2463 Basso
976 2395 1271 2481 produnt
1313 2395 1652 2480 nonnulli3
1696 2395 1940 2464 Livius
1967 2416 2152 2478 vero,
2181 2397 2509 2466 militasse
2569 2427 2576 2437 ·

300 2518 459 2564 eum
498 2498 821 2594 ¹Pompeii
874 2500 1239 2585 auspiciis:
1284 2519 1423 2585 quo
1452 2501 1638 2566 victo
1683 2500 2018 2584 privatum
2061 2500 2282 2585 egisse
2323 2501 2514 2588 Tyri,

300 2601 775 2687 corruptisque
806 2602 1215 2689 quibusdam
1254 2602 1643 2689 legionariis
1673 2602 2004 2687 effecisse,
2032 2607 2129 2684 ut,
2170 2604 2516 2671 interfecto

300 2705 543 2782 Sexto,
571 2706 799 2790 ipsum
830 2704 968 2771 sibi
994 2705 1233 2774 ducem
1260 2712 1619 2773 sumerent.

386 2806 661 2888 Appian.
708 2806 787 2867 B.
827 2805 903 2869 C.
947 2824 1058 2869 111.
1105 2814 1207 2873 77.
1249 2809 1353 2868 ubi
1394 2828 1501 2889 pro
1520 2806 1758 2885 Λίβωνι
1793 2806 2108 2888 legendum
2146 2828 2274 2869 esse
2319 2806 2516 2890 Λιβίῳ

299 2913 489 2977 recte,
534 2904 763 2985 opinor,
803 2905 1067 2987 conjecit
1112 2902 1449 2985 Schweigh.
1489 2906 1700 2987 etjam
1731 2912 1869 2967 ante
1896 2923 2032 2965 eum
2058 2903 2262 2965 Periz.
2305 2904 2518 2979 Anim.

304 2998 473 3061 Dist.
498 3022 555 3061 c.
583 3007 645 3061 4.
673 3023 736 3083 p.
765 3006 907 3065 177.

393 3098 729 3185 optarem
758 3100 923 3166 mihi
952 3100 1359 3186 contingere,
1403 3101 1592 3186 quod
1620 3098 1708 3166 Τ.
1738 3098 1978 3165 Livius
2009 3098 2248 3166 scribit
2278 3099 2363 3166 de
2389 3099 2518 3165 Ca·

302 3209 509 3269 tone:
554 3202 751 3287 cujus
780 3204 1011 3288 gloriae
1040 3222 1262 3291 neque
1292 3203 1549 3289 profuit
1594 3203 1963 3288 quisquam
2002 3201 2367 3283 laudando,
2394 3224 2518 3271 nec

298 3304 763 3391 vituperando
793 3307 1159 3391 quisquam
1188 3306 1441 3384 nocuit,
1472 3326 1629 3372 cum
1657 3312 2016 3390 utrumque
2043 3306 2322 3371 summis
2350 3326 2520 3389 prae-

303 3405 437 3472 diti
486 3407 767 3473 fecerint
808 3408 1122 3493 ingeniis.
1211 3408 1567 3493 Significat
1614 3415 1840 3474 autem
1895 3406 1992 3470 Μ.
2026 3406 2412 3473 Ciceronem
2456 3414 2525 3477 et

301 3507 389 3575 C.
448 3508 821 3589 Caesarem,
870 3531 1152 3597 quorum
1210 3512 1382 3578 alter
1438 3509 1702 3593 laudes,
1760 3509 1924 3575 alter
1981 3508 2521 3597 vituperationes

302 3630 525 3712 supra
562 3612 730 3679 dicti
760 3614 1034 3699 scripsit
1062 3613 1211 3679 viri.

388 3712 657 3778 Hieron.
684 3713 859 3778 Ptol.
898 3714 1006 3778 lib.
1036 3716 1203 3785 11.,in
1234 3714 1527 3777 Hoseam.

1144 3933 1249 3983 AD
1297 3932 1449 3985 mn.
1497 3934 1708 3983 cxvl.

391 4066 695 4135 AEdibus
724 4068 1045 4151 Coesaris,
1074 4076 1349 4138 ornatus
1394 4070 1914 4157 majestatisque
1942 4090 2181 4152 causa,
2211 4088 2306 4138 ex
2333 4068 2520 4137 Scto

298 4172 711 4257 adjunctum
756 4181 904 4241 erat
951 4175 1319 4259 fastigium,
1363 4182 1445 4241 ut
1494 4180 1732 4241 auctor
1785 4183 1896 4243 est
1949 4176 2197 4241 Livius.
2285 4173 2370 4239 Id
2407 4194 2526 4259 per

296 4276 621 4358 quietem
669 4274 1047 4362 Calpurnia
1091 4276 1345 4344 collabi
1402 4278 1768 4363 imaginata
1813 4278 2200 4359 videbatur,
2251 4278 2382 4343 sibi
2428 4279 2524 4343 la-

296 4380 597 4446 mentari
645 4385 715 4445 et
746 4380 928 4449 flere.
1015 4378 1278 4465 Itaque,
1324 4388 1479 4449 orta
1524 4382 1702 4461 luce,
1749 4382 2017 4465 rogavit
2054 4380 2421 4465 Caesarem,
2461 4379 2524 4445 si
