3267 5250
1007 505 1420 555 mulionum.
1459 504 1684 554 mvn.
2272 493 2455 562 5025

240 668 374 716 sex
401 653 722 724 armatos,
745 647 864 733 qni
886 647 974 714 ad
999 647 1384 716 Cremeram
1405 657 1460 690 ¹⁸
1489 651 1578 716 ad
1611 671 1813 716 unum
1836 653 1924 717 ab
1948 650 2255 720 hostibus
2278 658 2452 724 caesi

239 758 426 832 sunt,
465 757 612 818 'uno
659 753 1008 836 impubere
1047 753 1232 819 domi
1275 754 1540 822 relicto.
1625 753 1766 838 Ap.
1804 754 2141 821 Claudius
2182 759 2451 838 consul,

237 875 398 922 cum
453 855 776 920 adversus
827 855 1122 921 Volscos
1177 857 1604 922 contumacia
1658 857 2001 922 exercitus
2048 858 2225 923 male
2284 880 2451 944 pug-

235 966 474 1022 natum
503 965 710 1030 esset,
741 957 1076 1024 decimum
1105 979 1440 1044 quemque
1465 959 1755 1025 militum
1782 966 1833 1007 ¹³
1881 959 2063 1026 fuste
2092 965 2449 1045 percussit.

235 1057 392 1124 Res
425 1069 754 1144 praeterea
781 1051 1132 1127 adversum
1161 1059 1458 1128 Volscos
1487 1068 1557 1128 et
1585 1061 1853 1146 AEquos
1880 1070 1953 1128 et
1981 1062 2336 1146 Veientes,
2382 1074 2453 1134 et

232 1163 614 1260 seditiones
639 1165 812 1230 inter
839 1176 1068 1250 patres
1095 1165 1494 1251 plebemque
1523 1165 1840 1230 continet.

1165 1329 1528 1350 mmaeon

231 1427 586 1478 omittebatur
621 1427 682 1477 τδ
713 1434 819 1479 erat
851 1437 974 1480 ante
1007 1429 1320 1493 pulsum—12
1354 1429 1558 1478 Flumen
1592 1427 1716 1479 add.
1758 1427 1874 1479 cod.
1914 1429 2119 1481 Boend.
2160 1439 2217 1481 et
2256 1448 2351 1498 pro
2387 1437 2452 1486 ud

229 1507 386 1608 ξιτ
403 1494 630 1624 353:-
651 1495 706 1544 in
739 1499 793 1546 8.
829 1495 958 1544 Mos.
984 1500 1168 1558 preter
1195 1497 1492 1544 unane—1⁸
1525 1493 1741 1545 Militem
1778 1495 1885 1545 duo
1917 1496 2043 1546 Μιε.
2068 1507 2131 1546 ut
2154 1513 2241 1563 ap.
2270 1499 2451 1552 From:

1155 1753 1342 1821 LIB.
1395 1753 1535 1822 ΠΙ.

325 1951 720 2018 Seditiones
772 1953 858 2018 de
910 1950 1188 2035 agrariis
1237 1947 1501 2034 legibus
1553 1949 1778 2018 factae.
1876 1951 2319 2038 Capitolium,
2362 1956 2451 2022 ab

231 2056 561 2120 exulibus
613 2064 684 2123 et
747 2055 962 2120 servis
1021 2062 1452 2139 occupatum,
1511 2054 1717 2118 caesis
1775 2055 1861 2120 iis
1920 2066 2270 2141 receptum
2324 2065 2453 2124 est.

233 2157 512 2222 Census
557 2159 666 2223 bis
707 2166 904 2223 actus
934 2163 1122 2222 est.¹⁴
1205 2156 1444 2222 Priore
1492 2156 1711 2220 lustro
1751 2176 1954 2223 censa
2000 2166 2155 2226 sunt
2194 2160 2447 2226 civium

233 2263 474 2345 capita
541 2269 810 2326 centum
869 2269 1155 2346 quatuor
1207 2258 1420 2325 millia
1447 2265 1498 2306 ¹⁵
1570 2259 1861 2325 ducenta
1920 2263 2453 2346 quatuordecim,

232 2371 488 2448 praeter
533 2364 738 2433 orbos
785 2365 1143 2447 orbasque.
1229 2361 1576 2446 Sequenti,
1638 2371 1906 2427 centum
1966 2367 2449 2450 septemdecim

231 2468 452 2532 millia
491 2466 785 2532 ducenta
825 2463 1370 2531 novemdecim-¹⁶
1457 2465 1630 2531 Cum
1676 2466 2003 2533 adversos
2048 2469 2312 2552 AEquos
2338 2489 2449 2534 res

231 2569 418 2635 mule
445 2575 638 2653 gesta
667 2575 870 2649 esset,
916 2568 997 2635 L.
1030 2567 1358 2651 Quintius
1401 2569 1847 2635 Cincinnatus
1878 2570 2173 2637 dictatur
2195 2571 2449 2652 factus,

130 2736 136 2741 ,
233 2694 392 2739 cum
425 2693 576 2739 rure
604 2674 898 2738 intentus
941 2674 1198 2739 rustico
1228 2674 1416 2759 operi
1461 2686 1668 2747 esset,
1720 2674 1809 2739 ad
1856 2672 1929 2739 id
1949 2681 2002 2723 ¹⁷
2049 2672 2306 2739 bellum
2336 2694 2452 2758 ge-

233 2775 521 2841 rendum
552 2776 922 2841 arcessitus
954 2781 1078 2842 est.
1165 2774 1242 2841 Is
1271 2778 1490 2842 victos
1529 2776 1759 2841 hostes
1804 2778 1930 2841 sub
1965 2775 2205 2861 jugum
2245 2778 2453 2843 misit.

233 2878 696 2945 Tribunorum
718 2878 944 2964 plebis
967 2900 1276 2945 numerus
1301 2879 1671 2963 ampliatus
1697 2886 1830 2957 est,
1852 2884 1928 2943 ut
1944 2884 2169 2943 essent
2190 2878 2449 2956 decem,

233 2983 595 3067 trigesimo
618 2990 818 3049 sexto
839 3003 1010 3049 anno
1027 3002 1070 3047 a
1090 2982 1324 3067 primis
1341 2982 1628 3047 tribunis
1652 2980 1897 3067 plebis.
1940 2980 2195 3048 Petitis
2218 3002 2338 3067 per
2351 2982 2448 3047 le-

234 3094 461 3169 gatos,
491 3094 563 3153 et
589 3086 822 3151 allatis
852 3084 1106 3151 Atticis
1127 3086 1410 3168 legibus,
1433 3084 1524 3149 ad
1541 3084 2049 3149 constituendas
2065 3102 2186 3149 eas
2208 3102 2455 3169 propo-

233 3189 634 3273 nendasque
652 3186 1014 3253 decemviri
1028 3207 1153 3271 pro
1170 3186 1559 3252 consulibus
1579 3187 1723 3253 sine
1744 3186 1907 3251 ullis
1926 3184 2079 3253 aliis
2100 3187 2453 3269 magistra-

235 3292 425 3357 tibus
453 3292 690 3370 creati,
733 3291 948 3356 altero
978 3296 1051 3355 et
1077 3290 1540 3355 trecentesimo
1570 3308 1773 3368 anno,
1804 3309 2005 3374 quam
2034 3287 2258 3354 Roma
2288 3308 2451 3353 con·-

236 3392 386 3458 dita
414 3399 602 3458 erat:
649 3400 744 3472 et,
782 3400 860 3460 nt
887 3414 932 3458 a
958 3393 1230 3477 regibus
1261 3391 1347 3457 ad
1379 3393 1715 3469 consules,
1744 3392 1840 3456 ita
1870 3411 1915 3455 a
1938 3390 2329 3457 consulibus
2361 3392 2453 3457 ad

235 3494 662 3563 decemviros
719 3495 1119 3563 translatum
1173 3494 1555 3581 imperium.
1660 3492 1782 3571 Hi,
1834 3492 2067 3560 decem
2088 3490 2137 3533 ‘⁸
2196 3492 2451 3569 tabulis

233 3596 464 3682 legum
505 3598 778 3683 positis,
823 3618 976 3664 cnm
1007 3598 1314 3667 modeste
1341 3616 1414 3661 se
1439 3597 1514 3661 in
1545 3614 1630 3661 eo
1658 3594 1912 3661 honore
1938 3596 2337 3679 gessissent,
2382 3600 2453 3661 et

235 3702 332 3765 ob
357 3700 432 3766 id
463 3703 532 3766 in
561 3700 836 3775 alterum
863 3720 1131 3787 quoque
1165 3720 1410 3766 annum
1457 3698 1745 3764 eundem
1790 3716 1948 3765 esse
1988 3698 2452 3781 magistratum

235 3802 650 3889 placuisset,
701 3804 966 3871 duabus
998 3802 1244 3869 tabulis
1273 3802 1362 3867 ad
1391 3802 1634 3869 decem'
1660 3800 2027 3889 adjectis,¹⁹
2075 3819 2229 3867 cum
2268 3818 2452 3865 com-

1165 3980 1530 4005 „emm”

303 4088 378 4135 14
409 4084 508 4135 Eue
527 4083 632 4135 del.
654 4085 820 4137 (ἂι-οη.
843 4084 1062 4150 Doujat.
1086 4084 1244 4135 Crem
1263 4090 1322 4135 et
1341 4098 1466 4133 mox
1497 4086 1757 4133 sante-16
1789 4080 2010 4138 Quam
2028 4084 2079 4131 et
2094 4080 2453 4144 vig-intimati·

235 4150 412 4201 Grou.
431 4151 648 4214 Doujat.
671 4151 960 4201 Crem—16
993 4152 1010 4178 ⁸
1033 4149 1271 4202 CXVII.
1305 4150 1462 4199 millia
1495 4147 1803 4199 cccxlx.
1834 4161 1925 4210 up·
1946 4146 2167 4209 Eutrop.
2189 4158 2229 4197 ι.
2252 4150 2337 4199 Ια
2364 4146 2451 4213 (in

235 4215 414 4266 tribu·
451 4216 584 4265 Mes.
619 4216 746 4265 etin
770 4215 973 4265 Peonii
995 4212 1276 4280 metaphr.)
1297 4222 1354 4265 et
1374 4229 1460 4278 ap.
1480 4214 1594 4263 Liv.
1615 4226 1708 4262 ιιι.
1729 4216 1813 4263 24.
1847 4216 1982 4260 extr.
2000 4210 2087 4259 ubi
2118 4210 2240 4259 libri
2273 4218 2451 4261 tamen

237 4280 522 4330 admodum
552 4280 774 4343 variant,
793 4286 854 4329 ut
879 4290 936 4329 et
950 4280 1001 4330 h.
1022 4278 1078 4331 l.’
1103 4280 1310 4344 Rapa-t.
1361 4280 1566 4329 Centum
1585 4278 1795 4339 tricina
1818 4276 1911 4325 duo
1928 4275 2084 4326 millia
2102 4275 2455 4339 quadringente

233 4360 410 4396 noun
439 4345 606 4396 Grou.
633 4346 853 4409 Doujat.
883 4346 1165 4396 Crem—1¹!
1201 4344 1400 4395 Carent
1421 4344 1542 4394 edd.
1564 4350 1691 4401 tute
1708 4341 1888 4407 Sigon.
1908 4341 1977 4405 τᾷ
1992 4340 2192 4391 iet—18
2227 4340 2277 4389 1⁸·
2294 4342 2453 4389 decem

239 4410 414 4462 ΟΜ.
433 4408 650 4475 Doujat.
671 4410 832 4463 Crev-
895 4410 1028 4465 Mox
1065 4410 1120 4461 in
1149 4410 1324 4463 honore
1342 4408 1536 4476 legitur
1553 4408 1611 4461 tn
1631 4406 1757 4460 edd.
1783 4412 1906 4459 ante
1924 4406 2241 4472 sigone-19
2270 4404 2451 4456 Verba
