3267 5250
737 497 915 565 5908
1677 511 1746 560 τ.
1797 509 2022 562 mvn·
2079 511 2088 520 ·

736 659 1141 746 appellatur]
1182 657 1766 744 comportandum,
1810 665 2056 743 praeter
2098 655 2298 742 quam
2347 653 2580 722 urbem
2629 665 2948 742 opportw

736 765 1060 829 nissimus
1090 782 1181 829 ex
1214 763 1593 828 Beronibus
1639 763 1962 829 transitus
2006 769 2177 840 erat,
2207 762 2274 826 in
2304 780 2798 846 quamcumque
2839 757 2950 824 re-'

734 867 998 952 gionem
1040 865 1285 932 ducere
1332 867 1702 932 exercitum
1755 865 2142 946 statuisset3
2187 871 2258 930 et
2303 865 2384 931 C.
2431 863 2760 930 Instelum
2807 859 2947 940 [In-

730 968 975 1050 steium]
1032 969 1429 1055 proefectum
1485 969 1784 1053 equitum
1843 967 2204 1051 Segoviam
2265 975 2336 1033 et
2394 967 2464 1032 in
2517 965 2944 1032 Vacreorum

734 1069 1123 1148 [Vaeaeorum
1175 1093 1225 1132 a.
1277 1069 1705 1155 vaccaeorum]
1759 1081 2021 1155 geniem
2072 1069 2160 1135 ad
2207 1069 2504 1155 equitum
2553 1067 2947 1164 (Jonquisiti-

731 1193 927 1240 onem
959 1177 1169 1255 misit,
1188 1175 1457 1271 jussum
1484 1193 1635 1240 cum
1665 1175 2010 1260 equitibus
2036 1172 2420 1239 Contrebiae
2446 1191 2600 1238 sese
2623 1171 2951 1256 opperiri.

731 1275 1057 1343 Dimissis
1076 1277 1161 1342 iis
1184 1278 1329 1364 ipse
1356 1275 1715 1362 profectae,
1733 1295 1852 1362 per
1873 1275 2256 1342 Umconum
2280 1273 2682 1354 [Vasconum]
2709 1291 2942 1356 agrum

728 1377 937 1445 ducto
980 1381 1307 1458 exercitu,
1336 1380 1405 1444 in
1451 1379 1746 1446 confinio
1759 1379 2104 1445 ‘Vironum
2139 1375 2500 1456 [Beronum]
2533 1379 2759 1463 posuit
2789 1397 2945 1442 cas-

727 1487 847 1548 tra.
936 1481 1228 1548 Postero
1258 1481 1372 1548 die
1402 1501 1559 1548 eum
1591 1482 1933 1567 equitibus
1963 1500 2378 1566 praegressus
2407 1481 2496 1546 ad
2535 1483 2779 1546 itinera
2815 1499 2948 1544 ex-

724 1583 1081 1669 ploranda,
1103 1586 1309 1672 ¹iusso
1343 1585 1574 1669 pedite
1595 1585 1933 1670 quadrato
1965 1586 2226 1669 agmine
2253 1587 2475 1670 sequi,
2501 1586 2588 1650 ad
2617 1584 2940 1652 Vareiam

725 1687 1211 1753 validissimam
1248 1687 1542 1770 regionis
1581 1690 1734 1773 ejus
1778 1690 2014 1755 urbem
2045 1689 2259 1755 venit.
2347 1685 2558 1754 Haud
2587 1689 2943 1774 inopinan-

726 1789 915 1856 tibus
963 1834 979 1852 .
1028 1833 1048 1854 .
1094 1839 1111 1856 .
1158 1789 1543 1866 advenerat,
1572 1789 1877 1876 undique
1923 1798 1996 1856 et
2040 1809 2186 1856 suae
2227 1789 2440 1875 gentis
2470 1795 2539 1855 et
2571 1787 2868 1874 Autrig-

808 1993 955 2056 Hoc
980 2003 1073 2055 est
1096 1994 1489 2074 fragmentum
1516 1993 1690 2065 iilud,
1717 1993 1876 2074 quod
1903 2015 1942 2056 a
1967 2015 2032 2054 se
2062 1995 2122 2054 in
2153 1993 2449 2055 Biblioth.
2481 1991 2686 2054 Vatie.
2715 1991 2946 2054 Rom&

722 2113 779 2154 a.
806 2099 991 2158 1773.
1021 2095 1323 2155 inventum
1366 2114 1492 2154 esse
1522 2103 1585 2154 et
1609 2093 1694 2154 P.
1723 2093 1858 2154 Jac.
1890 2092 2088 2154 Bruns
2117 2103 2182 2155 et
2209 2093 2342 2154 vit.
2374 2093 2534 2155 Mar.
2563 2093 2939 2154 Giovenazzi

720 2191 1063 2270 gloriantur.
1128 2191 1237 2251 Ab
1262 2191 1371 2252 illo
1394 2191 1621 2253 editum
1648 2200 1742 2252 est
1767 2190 2001 2252 Hamb.
2031 2196 2212 2255 1773.
2242 2192 2323 2253 ab
2349 2192 2466 2253 hoc
2484 2191 2598 2262 bis,
2630 2189 2848 2252 Romae
2871 2200 2942 2252 et

720 2287 929 2370 Neap.
960 2294 1137 2356 1773.
1164 2309 1301 2349 eum
1328 2287 1638 2370 permultis
1671 2289 2050 2369 verbosisque
2077 2289 2236 2349 notis
2255 2309 2402 2376 cura
2431 2288 2647 2350 Franc.
2675 2287 2940 2349 Cancel-

717 2383 883 2456 lieri3
926 2406 1061 2467 quae
1084 2385 1273 2447 editio
1299 2387 1552 2468 repetita
1572 2395 1666 2447 est
1691 2386 1856 2468 Lips.
1888 2393 2064 2451 1775.
2093 2406 2227 2447 eum
2255 2387 2423 2469 praef.
2466 2387 2507 2446 J
2513 2431 2530 2448 .
2556 2386 2646 2448 A.
2675 2387 2938 2448 Ernesti.

720 2481 1187 2544 Emendationes
1224 2481 1597 2544 Giovenazzi
1644 2483 1914 2543 Abbatis
1953 2483 2169 2544 inserui
2213 2484 2444 2544 uncinis
2491 2485 2784 2546 inclusas:
2825 2485 2940 2546 sed

716 2580 868 2642 alias
894 2579 1121 2663 adjecit
1142 2579 1206 2641 J.
1232 2577 1273 2640 J
1278 2580 1401 2652 bre,
1434 2580 1539 2662 qui
1563 2580 1724 2641 idem
1751 2568 2146 2661 fragmentum
2184 2582 2340 2643 notis
2373 2583 2592 2644 criticis
2617 2581 2942 2644 illustravit

720 2676 975 2759 Upsalae
1020 2681 1203 2741 1777.
1307 2676 1375 2737 Is
1424 2678 1529 2739 lin.
1572 2684 1634 2740 1.
1677 2687 1812 2760 post
1861 2688 1879 2714 ⁶
1909 2679 2283 2760 insequenoe'
2335 2679 2632 2743 excidisse
2677 2680 2938 2761 putabat

717 2784 736 2811 ⁴
772 2778 985 2847 nocte,'
1028 2782 1092 2835 et
1134 2773 1353 2835 deinde
1404 2775 1557 2836 alias
1610 2774 2058 2837 commendavit
2107 2776 2414 2851 lectiones,
2470 2795 2534 2838 v.
2571 2793 2627 2838 c.
2672 2787 2690 2813 ⁶
2727 2788 2938 2839 vetera

654 2950 661 2959 ἰ
716 2874 908 2933 arma'
936 2882 1052 2934 cet.
1132 2870 1233 2934 cf.
1262 2872 1542 2955 Gotting.
1582 2875 1700 2955 gel.
1728 2875 1892 2936 Anz.
1930 2896 1986 2935 a.
2015 2880 2208 2939 1774.
2232 2898 2293 2958 p.
2325 2883 2425 2939 11.
2451 2897 2543 2957 sq.
2573 2884 2636 2937 et
2660 2896 2718 2937 a.
2745 2882 2934 2941 1777.

714 2969 1031 3031 Additum.
1059 2991 1118 3051 p.
1143 2976 1286 3031 669.
1314 2990 1404 3050 sq.

1532 3224 1539 3231 .
1589 3179 1801 3231 mum
1851 3178 2066 3229 XCIV.

801 3312 1037 3379 Livius
1085 3313 1157 3378 in
1206 3314 1379 3381 libro
1427 3332 1640 3382 xclv.
1697 3316 2060 3383 Inarimem
2111 3316 2178 3381 in
2229 3316 2543 3401 partibus
2602 3314 2926 3381 Maeoniae

710 3435 863 3481 esse
907 3414 1118 3495 dieit3
1164 3416 1281 3482 ubi
1329 3438 1452 3502 per
1493 3420 1978 3504 quinquaginta
2021 3418 2234 3485 millia
2263 3428 2458 3486 terrae
2491 3420 2626 3504 igni
2658 3424 2926 3484 exustae

710 3526 895 3585 eunt.
984 3518 1145 3585 Hoc
1176 3522 1381 3585 etiam
1411 3521 1786 3588 Homerum
1817 3523 2242 3607 significasse
2274 3524 2434 3589 vult.

794 3620 963 3682 Serv.
992 3620 1071 3683 ad
1100 3620 1274 3702 Virg.
1304 3623 1446 3685 AEn.
1480 3642 1581 3687 lx.
1612 3632 1755 3690 715.
1801 3625 1904 3685 cf.
1935 3624 2191 3685 Salmas.
2221 3624 2301 3685 ad
2332 3624 2520 3685 Solin.
2550 3646 2610 3707 p.
2639 3630 2740 3687 68.
2765 3630 2827 3684 6.

1514 3838 1728 3887 unm
1777 3838 1941 3887 0111.
1975 3847 1982 3851 ·

708 3968 1102 4036 Horrendus
1134 3970 1350 4055 magis
1380 3976 1510 4053 est,
1539 3972 1781 4059 premit
1809 3973 1927 4059 qui
1955 3992 2263 4058 corpora,
2293 3970 2520 4037 carb0.

706 4072 864 4140 Urit
891 4072 1002 4139 hic
1034 4072 1359 4154 induem,
1392 4075 1627 4143 vitalia
1655 4078 1904 4162 rumpit
1933 4079 2242 4142 acerbus.

705 4172 915 4241 Hunc
944 4183 1201 4242 veteres
1229 4179 1566 4263 quondam
1598 4180 1806 4246 variis
1836 4178 2153 4266 pepulere
2179 4176 2480 4242 medelis.

702 4276 935 4343 Tertia
962 4298 1252 4362 namque
1282 4280 1443 4346 Tibi
1472 4283 1674 4348 simul
1703 4291 1774 4348 et
1801 4284 2176 4347 centesima
2206 4279 2366 4345 Livi

704 4376 960 4447 Charta
989 4380 1212 4462 docet,
1244 4383 1421 4449 ferro
1452 4387 1652 4451 talem
1683 4385 2004 4452 candente
2037 4383 2340 4451 dolorem
