3267 5250
830 469 1010 536 5906
1773 485 1844 538 τ.
1894 423 2082 537 mvii

814 637 897 691 'et
932 628 1018 708 Q.
1068 627 1385 692 Metellum
1427 621 1658 709 legatos
1693 649 1892 690 secum
1931 629 2072 690 illuc
2107 628 2194 688 ire
2231 626 2447 708 coegit.
2491 626 2579 688 V.
2616 626 2828 690 Valet.
2857 629 3038 694 Max.

837 744 947 788 111.
974 733 1033 791 7.
1062 733 1123 788 5.
1205 727 1539 809 Pompeius
1562 737 1762 789 autem
1787 727 2184 810 quinquennio
2209 735 2390 787 antea
2405 725 2610 787 consul
2630 727 2880 788 eandem
2900 751 3040 811 pro-

830 825 1089 887 vinciam
1134 827 1491 898 obtinuerat,
1538 835 1621 898 et,
1669 847 1732 888 re
1779 813 1934 887 male
1983 811 2168 906 gesta',
2203 844 2412 906 pacem
2465 844 2601 885 cum
2643 823 3043 890 Numantinis

830 923 1068 995 inierat,
1100 943 1280 1004 quam
1312 931 1517 1005 postea
1552 944 1590 984 a
1628 945 1693 984 se
1719 925 1926 984 initam
1961 943 2082 984 esse
2123 924 2384 1002 negavit.
2427 921 2514 983 V.
2543 923 2813 1005 Appian.
2845 923 3038 1006 Hisp.

830 1027 933 1085 ⁹79.
959 1041 1049 1101 sq.
1086 1029 1148 1080 et
1178 1021 1309 1082 cio.
1336 1021 1413 1081 de
1443 1021 1577 1082 Fin.
1608 1038 1688 1081 11.
1715 1028 1814 1086 17.
1901 1020 2006 1082 Ne
2041 1019 2241 1100 igitur,
2277 1041 2415 1082 cum
2449 1021 2632 1082 Furio
2657 1041 2779 1086 coa.
2807 1022 3044 1101 legatus

831 1120 891 1180 in
920 1119 1289 1201 Hispaniam
1316 1118 1639 1200 profectus,
1678 1119 1950 1181 Mancini
1985 1117 2278 1180 deditioni
2321 1121 2602 1180 interesse
2644 1118 2908 1192 deberet,
2953 1131 3044 1198 et,

832 1217 1149 1298 praesentia
1166 1236 1273 1276 sua
1292 1237 1530 1298 nuperae
1552 1217 1778 1277 fraudis
1797 1237 1869 1278 ac
1889 1216 2154 1299 perfidiae
2177 1219 2461 1277 memoria
2482 1227 2786 1290 revocata,
2814 1219 3047 1281 animos

833 1313 1339 1376 Numantinorum
1364 1315 1640 1389 irritaret,
1674 1316 1944 1376 morbum
1970 1335 2252 1376 excusare
2281 1315 2515 1396 potuit!

1731 1557 1944 1607 mum
2009 1557 2166 1606 XO!-

918 1692 1174 1758 Tamen
1204 1693 1587 1780 insequenti
1616 1693 1776 1778 ipso
1807 1694 2250 1778 pervigilante
2279 1694 2512 1760 eodem
2556 1695 2712 1760 loco
2743 1694 2879 1760 alia
2917 1715 3046 1760 ex-

836 1795 1049 1862 citata
1079 1799 1280 1862 turris
1302 1799 1520 1882 prima
1549 1798 1703 1863 luce
1731 1798 2057 1864 miraculo
2085 1797 2402 1862 hostibus
2423 1797 2572 1877 suit,
2597 1798 2794 1863 simul
2826 1802 2894 1863 et
2917 1817 3046 1881 op-

834 1899 980 1982 pidi
1014 1901 1232 1976 turriS,
1263 1921 1419 1986 quoe
1448 1901 1822 1966 maximum
1851 1901 2426 1986 propugnaculum
2453 1899 2701 1981 fuerat,
2733 1900 3047 1966 subrutis

828 2003 1306 2082 fundamenti5‚
1347 2003 1689 2070 dehiscere
1735 2006 2120 2090 ingentibus
2163 2006 2371 2085 rimiS‚
2404 2013 2473 2070 et
2511 2011 2580 2070 tu
2648 2053 2666 2069 .
2728 2046 2749 2067 .
2792 2049 2809 2066 .
2854 2047 2873 2066 .
2917 2002 3048 2086 jus

833 2150 855 2172 .
906 2151 924 2168 .
970 2125 1082 2170 um
1110 2107 1247 2189 igni
1278 2109 1529 2192 coepit:
1576 2109 2003 2196 incendiique
2021 2109 2233 2174 ‘simul
2275 2116 2348 2174 et
2376 2109 2584 2175 ruinoe
2614 2113 2790 2174 metu
2823 2106 3048 2172 territi

831 2206 1348 2274 Contrebienses
1377 2211 1459 2274 de
1498 2231 1686 2277 muro
1715 2212 1965 2296 trepidi
1997 2211 2406 2296 effugerunt3
2452 2218 2523 2276 et
2551 2217 2625 2276 ut
2651 2209 2856 2293 legati
2883 2211 3044 2274 mit-

717 2395 725 2402 ·
828 2317 1126 2376 terentur
1152 2310 1239 2376 ad
1267 2311 1635 2378 dedendam
1669 2315 1925 2394 urbem,
1957 2316 2044 2381 ab
2074 2315 2387 2399 universa
2420 2313 2842 2381 multitudine
2871 2331 3039 2378 con-

830 2412 1199 2480 clamatum
1220 2423 1345 2480 est.
1410 2415 1671 2482 Eadem
1701 2419 1934 2497 virtus,
1955 2438 2109 2505 quae
2140 2419 2474 2484 irritantes
2503 2425 3046 2502 oppugnaverat,

830 2513 1157 2583 victorem
1190 2516 1703 2601 placabiliorem
1734 2519 1915 2586 fecit.
2002 2519 2382 2586 Obsidibus
2399 2521 2701 2604 acceptis
2725 2520 3044 2604 pecuniae

831 2620 1168 2687 modicam
1208 2623 1437 2705 exegit
1471 2642 1830 2703 summam,
1865 2643 2188 2710 armaque
2229 2624 2457 2691 omnia
2497 2624 2782 2705 ademit3
2827 2628 3048 2688 trans-

830 2727 1031 2809 fugas
1060 2726 1309 2793 liberos
1341 2728 1537 2793 vivos
1568 2727 1656 2793 ad
1683 2750 1759 2795 se
1783 2729 2044 2795 adduci·
2054 2730 2266 2814 jussit
2289 2735 2354 2796 et
2379 2730 2727 2814 fugitivos,
2747 2747 3046 2816 quorum

831 2829 1045 2915 major
1100 2829 1457 2897 multitudo
1516 2840 1684 2897 erat.
1773 2832 1960 2918 Ipsis
1999 2832 2393 2918 imperavit,
2443 2841 2522 2897 ut
2571 2832 3046 2899 interficerent.

832 2932 879 2999 J
884 2933 1193 3017 ugulatos
1237 2933 1324 2999 de
1360 2956 1545 3001 muro
1576 2935 1981 3021 dejecerunt.
2082 2935 2259 3003 Cum
2291 2954 2533 3020 magna
2558 2934 2835 3021 jactura
2865 2936 3046 3001 mili-

832 3042 971 3102 tum
1016 3046 1305 3126 quatuor
1348 3044 1419 3103 et
1464 3039 1915 3123 quadraginta
1956 3038 2195 3105 diebus
2226 3038 2592 3105 Contrebia
2631 3049 3048 3124 expugnata,

830 3137 1205 3223 'relictoque
1251 3141 1348 3203 ibi
1400 3140 1473 3204 L.
1522 3140 1800 3207 Justeio
1851 3193 1867 3209 .
1914 3189 1930 3206 .
1975 3143 2061 3209 ad
2100 3143 2467 3227 hybernum
2513 3142 2758 3208 flumen
2800 3144 3048 3227 copias

833 3241 1146 3307 adduxit.
1239 3241 1347 3307 Ibi
1379 3242 1850 3327 hybernaculis
1881 3246 2246 3311 secundum
2281 3245 2631 3331 oppidum,
2663 3244 2844 3331 quod
2872 3244 3050 3311 Cas-

830 3352 930 3441 tra
958 3345 1142 3409 AElia
1170 3355 1473 3425 vocatur,
1506 3346 1886 3427 aedificati5‚
1915 3349 2157 3433 ipsein
2179 3350 2422 3415 castris
2451 3349 2797 3430 manebat3
2837 3350 3050 3415 inter-

832 3448 950 3514 diu
1001 3446 1428 3515 'consentum
1486 3450 1820 3515 sociarum
1888 3454 2270 3545 civitatium
2330 3454 2398 3516 in
2457 3452 2720 3537 oppido
2779 3452 3048 3535 agebat.

724 3554 729 3559 ’
832 3552 1045 3618 Arma
1074 3560 1147 3617 ut
1176 3554 1411 3617 fierent
1438 3573 1562 3637 pro
1590 3556 1810 3638 copiis
1842 3554 2171 3639 cujusque
2217 3556 2475 3640 populi,
2502 3575 2620 3640 per
2649 3559 2860 3620 totam
2890 3575 3048 3639 pro-

832 3656 1127 3721 vinciam
1157 3655 1488 3722 edixerat.
1564 3656 1829 3735 Quibus
1857 3658 2182 3743 inspectis
2204 3658 2442 3724 referre
2471 3665 2690 3724 cetera
2714 3678 2900 3723 arma
2926 3661 3050 3723 mi-

832 3760 988 3827 lites
1008 3757 1236 3846 jnssit,
1267 3780 1421 3844 quse
1451 3767 1568 3825 aut
1597 3760 1948 3826 itineribus
1976 3762 2236 3827 crebris
2263 3768 2383 3827 aut
2410 3781 2594 3845 oppu
2635 3806 2651 3824 .
2690 3810 2708 3829 .
2757 3806 2772 3823 .
2815 3760 2854 3824 f
2891 3806 2908 3825 .
2960 3808 2980 3827 .
3039 3810 3058 3827 .

836 3885 923 3931 an
1061 3909 1078 3928 .
1215 3911 1232 3930 .
1368 3908 1386 3926 .
1524 3912 1543 3929 .
1677 3908 1694 3925 .
1855 3864 2040 3930 tione
2071 3866 2259 3944 inita,
2290 3886 2385 3950 qu
2437 3908 2454 3925 .
2498 3863 2570 3929 di
2615 3906 2635 3926 .
2681 3865 2831 3930 culo
2869 3862 3050 3930 effici

836 3968 1083 4053 possit.
1164 3962 1169 3965 ’

922 4072 1172 4156 ltaque
1211 4089 1447 4135 omnes
1490 4067 1690 4133 simul
1723 4067 1920 4153 justa
1966 4118 1982 4134 .
2031 4120 2048 4137 .
2093 4091 2160 4135 m
2207 4118 2224 4133 .
2271 4116 2288 4133 .
2340 4117 2356 4133 .
2404 4117 2420 4134 .
2466 4075 2595 4147 tur,
2636 4089 2854 4156 neque
2900 4090 3048 4159 ma-

832 4174 1002 4238 teria
1046 4172 1443 4246 artificibus,
1478 4175 1882 4256 praeparatis
1926 4182 2083 4240 ante
2121 4173 2436 4237 omnibus
2485 4219 2503 4237 .
2548 4173 2710 4238 nixo
2741 4172 3044 4237 civitium

836 4274 1194 4353 [eivitatium
1220 4272 1318 4335 vel
1342 4274 1645 4352 civiumJ..
1694 4320 1710 4337 .
1745 4275 1904 4353 idio,
1935 4296 2064 4341 nec
2094 4296 2223 4341 suo
2254 4275 2541 4363 quisque
2573 4277 2764 4360 operi
2797 4274 3046 4342 artifex

834 4380 1063 4446 deerat
1196 4424 1213 4441 .
1395 4424 1410 4439 .
1591 4420 1607 4437 .
1788 4426 1806 4443 .
1987 4423 2004 4439 .
2183 4421 2202 4440 .
2333 4396 2625 4464 quaeque
2671 4378 2738 4441 in
2785 4397 3048 4463 oppug-
