3267 5250
898 528 1075 594 6010
1827 539 2180 589 armona:

898 693 1081 758 sules
1109 693 1178 756 iu
1211 697 1601 778 sequentem
1634 704 1878 752 annum
1901 705 1979 750 se
2003 686 2192 770 ipsos
2215 683 2761 762 renuntiaverunt
2783 705 2810 752 ε,
2829 683 3092 750 eodem-

895 813 1029 876 que
1061 793 1199 870 die,
1226 794 1366 877 quo
1392 791 1862 874 magistratum
1889 788 2199 865 inierant,
2227 785 2490 852 Marius
2509 793 2540 838 ⁹
2568 787 2736 852 Sex.
2765 779 3086 853 Licinium

894 902 1273 961 senatorem
1298 895 1383 960 de
1404 911 1579 958 saxo
1603 889 1806 974 dejici
1827 888 2035 974 jussit
2057 909 2077 970 3
2110 879 2442 973 editisque
2461 887 2693 954 multis
2711 889 3093 966 sceleribus,

893 995 1137 1062 Idibus
1165 994 1517 1063 Ianuariis
1550 992 1888 1058 decessit:
1936 990 2061 1070 vir,
2094 992 2296 1075 cujus
2341 991 2406 1056 si
2451 991 2914 1056 examinentur
2941 1009 3092 1055 cum

890 1100 1247 1164 virtutibus
1277 1099 1463 1176 vitia,
1492 1095 1674 1161 haud
1725 1095 1932 1159 facile
1985 1095 2074 1160 sit
2119 1093 2336 1171 dictu,
2369 1099 2584 1158 utrum
2633 1091 2812 1158 bello
2847 1093 3091 1170 melior,

890 1219 979 1265 an
1035 1220 1211 1285 pace
1254 1200 1701 1286 perniciosior
1725 1196 1970 1264 fuerit:
2018 1195 2213 1274 adeo,
2247 1214 2453 1280 quam
2483 1195 2966 1279 rempublicam
2991 1214 3090 1263 ar·

890 1309 1113 1368 matus
1160 1303 1476 1380 servavit,
1517 1319 1670 1366 eam
1717 1301 1937 1383 primo
1989 1305 2262 1382 tog-atus
2313 1299 2491 1364 omni
2536 1317 2772 1381 genere
2817 1297 3089 1376 fraudis,

888 1411 1235 1488 postremo
1264 1405 1470 1472 armis
1495 1403 1834 1470 hostiliter
1853 1410 1908 1442 ¹⁰
1951 1401 2218 1468 evertit.

886 1669 1307 1784 odEodhzduitegrq
1278 1683 1401 1733 qm
1462 1665 1707 1723 Anci-ant,
1742 1665 1939 1716 Murius
1972 1663 2097 1716 edd.
2113 1671 2237 1716 ante
2258 1665 2414 1732 Sigon
2421 1668 2567 1715 .—-1⁰
2601 1665 2796 1717 Carent
2813 1665 2937 1718 edd.
2960 1673 3086 1718 autt-

890 1749 921 1784 ει
1136 1749 1157 1784 ι

1684 1970 1871 2063 LI'B.
1915 1996 2290 2063 Lxxxi.

970 2185 1049 2250 L.
1073 2185 1263 2270 Sylla
1286 2182 1610 2262 Athenas,
1639 2203 1806 2266 quas
1836 2181 2233 2264 Archelaus»,
2261 2181 2620 2268 praefectus
2651 2184 3082 2264 Mithridatis,

882 2293 1268 2372 occuparat,
1300 2285 1732 2351 circumsedit
1759 2289 1830 2352 et
1857 2303 2015 2352 cum
2043 2305 2286 2370 magno
2306 2293 2353 2325 ¹¹
2385 2286 2611 2352 labore
2642 2290 3081 2372 expugnavit:

880 2391 1035 2454 urbi
1062 2391 1469 2467 libertatem,
1500 2394 1569 2455 et
1596 2387 1892 2467 civibus,
1922 2407 2082 2472 quae
2111 2389 2502 2467 habuerant,
2533 2389 2850 2456 reddidit.
2895 2391 3082 2474 Mag·

877 2491 1091 2571 nesia,
1120 2511 1275 2576 quoe
1306 2491 1457 2556 sola
1502 2492 1575 2554 in
1618 2489 1796 2556 Asia
1831 2489 2082 2556 civitas
2127 2490 2198 2555 in
2245 2490 2382 2555 fide
2427 2499 2791 2569 manserat,
2823 2512 3081 2559 summa

877 2593 1123 2661 virtute
1151 2594 1475 2661 adversus
1506 2592 1956 2659 Mithridatem
1988 2592 2268 2660 defensa
2287 2600 2409 2660 est.
2499 2593 2840 2662 Praeterea
2875 2595 3078 2663 Thra·

878 2716 1033 2762 cum
1063 2698 1129 2762 in
1161 2695 1579 2763 Macedonia
1606 2696 1916 2763 continet
1941 2702 2216 2779 gesta.¹²

1801 2862 1864 2883 00

943 2972 1004 3017 u
1040 2967 1260 3019 Maximo
1281 2967 1330 3018 G
1336 2980 1429 3016 ruo
1435 2967 1661 3031 ‚Douja
1631 2972 1705 3017 at.
1745 2964 1789 3015 C
1791 2979 1902 3015 r-ev
1907 2970 2038 3015 —12
2072 2962 2287 3016 Habent
2327 2966 2525 3018 eedem
2563 2981 2630 3016 ex
2669 2968 2877 3018 emend.
2907 2970 2962 3019 Si
2949 2984 3060 3033 ιςοιι

879 3030 1129 3083 Preterea
1149 3032 1383 3082 truncinis
1409 3032 1645 3082 Thracum
1665 3032 1720 3081 iu
1743 3032 1932 3081 Maced.
1955 3036 2086 3081 met
2075 3030 2187 3096 net,
2223 3044 2342 3082 cum
2367 3042 2525 3085 antea
2545 3033 2719 3097 legere
2691 3042 2810 3083 ertu
2835 3036 3076 3085 Proetaeroa

874 3096 1230 3186 ufhrueiburi
1232 3098 1376 3147 ιιαΜ
1376 3100 1478 3147 ced.
1494 3112 1559 3159 ge
1532 3102 1638 3148 eut
1657 3097 1882 3147 eontinet·

1655 3360 1842 3427 LIB.
1889 3360 2308 3427 LXXXII.

958 3547 1150 3632 Sylla
1180 3546 1423 3634 copias
1456 3546 1651 3630 regis,
1682 3566 1865 3632 quae,
1899 3547 2309 3613 Macedonia
2337 3558 2698 3636 occupata,
2746 3550 2817 3615 in
2863 3550 3069 3616 Thes-

870 3650 1110 3716 saliam
1142 3657 1485 3731 venerant,
1514 3649 1754 3735 praelio
1783 3650 1970 3727 vicit,
1999 3650 2204 3716 caesis
2247 3650 2538 3733 hostium
2565 3660 2834 3720 centum
2880 3652 3068 3718 milli-

869 3753 1024 3833 bus„
1054 3760 1121 3821 et
1148 3755 1389 3821 castris
1419 3772 1686 3838 quoque
1708 3754 2138 3837 expugnatis,
2209 3752 2568 3821 Renovato
2598 3756 2842 3822 deinde
2871 3755 3066 3831 bello,

869 3854 1113 3921 iterum
1156 3858 1528 3925 exercitum
1582 3857 1766 3939 regis
1804 3854 1983 3920 fudit
2025 3873 2111 3923 ac
2142 3854 2414 3923 delevit.
2499 3857 2876 3923 Archelaus
2922 3876 3066 3923 cum

752 4046 773 4053 Ω
870 3958 1089 4024 classe
1116 3960 1305 4043 regia
1329 3958 1539 4044 Syllae
1570 3978 1649 4022 se
1684 3956 1988 4023 tradidit.
2033 3957 2118 4023 L.
2142 3956 2464 4024 Valerius
2483 3958 2778 4026 Flaccus
2807 3956 3066 4035 consul,

868 4063 1134 4148 collega
1160 4064 1426 4143 Cinnae,
1456 4064 1734 4140 missus,
1764 4068 1843 4129 ut
1869 4060 2078 4147 synae
2111 4062 2521 4143 succederet,
2553 4070 2828 4150 propter
2856 4065 3066 4131 avari-

870 4166 1033 4230 tiam
1062 4166 1319 4231 invisus
1348 4166 1674 4231 exercitui
1707 4182 1858 4244 suo,
1887 4182 1930 4229 a
1961 4164 2041 4231 C.
2073 4164 2376 4232 Fimbria
2405 4166 2626 4250 legato
2647 4167 2886 4251 ipsius,
2915 4166 3066 4231 ulti·

870 4282 1003 4329 mae
1034 4267 1345 4333 audaciae
1362 4268 1650 4348 homine,
1682 4267 1956 4333 occisus
1981 4272 2108 4346 est,
2130 4272 2198 4333 et
2218 4268 2574 4352 imperium
2596 4268 2682 4334 ad
2703 4268 3062 4335 Fimbriam

836 4370 1287 4435 -translatum.
1397 4368 1740 4436 Praeterea
1766 4376 2174 4454 expugnatae
2203 4369 2275 4435 in
2305 4370 2480 4437 Asia
2509 4372 2705 4437 urbes
2732 4392 2775 4436 a
2809 4370 3060 4437 Mithri-
