3267 5250
1015 496 1416 548 mnnonuu
1467 497 1675 548 mvn.
1795 549 1807 572 ,
2081 467 2100 484 ’
2196 519 2199 522 ·
2260 482 2437 552 6029

1091 765 1276 833 LIB.
1339 765 1582 837 CXII.

311 951 722 1038 Trepidatio
749 950 1086 1018 victarum
1113 955 1404 1038 partium
1434 957 1502 1021 in
1521 963 1548 1005 ⁵
1578 955 1883 1023 diversas
1911 955 2093 1022 orbis
2124 960 2437 1022 terrarum
2511 1021 2524 1035 ,

229 1062 462 1142 partes
507 1061 575 1122 et
613 1055 777 1139 fuga
811 1054 1196 1122 referuntur.
1287 1057 1416 1124 On.
1445 1059 1843 1143 Pompeius,
1883 1078 2035 1123 cum
2062 1059 2441 1144 AEgyptum
2524 1073 2533 1081 '

228 1158 540 1243 petisset,
578 1158 788 1244 jussu
835 1158 1192 1227 Ptolemoei
1235 1162 1410 1246 regis
1456 1161 1723 1246 pupilli,
1770 1169 2040 1228 auctore
2084 1161 2441 1229 Theodoto

230 1267 676 1346 praeceptore,
719 1264 914 1351 cujus
939 1283 1182 1348 magna
1210 1265 1392 1348 apud
1441 1284 1669 1349 regem
1689 1263 1719 1306 ⁶
1760 1267 2133 1331 auctoritas
2166 1273 2339 1343 erat,
2370 1269 2441 1328 et

232 1362 558 1442 Pe'thmo,
585 1365 860 1430 occisus
883 1373 986 1430 est
1014 1367 1104 1432 ab
1128 1365 1427 1446 Achilla,
1473 1367 1585 1432 cui
1631 1367 1707 1433 id
1759 1366 2027 1432 facinus
2066 1371 2208 1434 erat
2257 1366 2441 1432 dele·-

231 1474 487 1550 gatum,
516 1467 586 1532 in
614 1467 952 1548 navicula,
984 1476 1346 1554 antequam
1391 1471 1466 1536 in
1510 1478 1751 1536 terram
1802 1471 2036 1536 exiret.
2126 1468 2441 1538 Cornelia

231 1588 400 1634 uxor
427 1575 500 1636 et
526 1570 693 1637 Sex·
725 1570 1090 1656 Pompeius
1118 1572 1303 1638 filius
1335 1571 1606 1658 Cypron
1626 1579 1656 1623 ⁷
1685 1572 2089 1655 refugerunt.
2176 1570 2436 1653 Caesar,

229 1676 387 1756 post
408 1673 682 1764 tertium
712 1672 886 1738 diem
915 1675 1278 1753 insecutus,
1303 1694 1457 1740 cum
1485 1675 1550 1738 ei
1573 1673 1967 1740 Theodotus
1996 1681 2211 1759 caput
2231 1673 2435 1740 Pom-

232 1775 364 1857 peii
393 1783 470 1842 et
499 1775 815 1842 annulum
842 1776 1224 1855 obtulisset,
1255 1774 1328 1843 e't
1355 1776 1653 1842 infensus
1684 1781 1812 1856 est,
1844 1782 1911 1842 et
1937 1775 2431 1862 illacrymavit:

233 1877 374 1942 sine
420 1878 724 1962 periculo
748 1875 774 1916 ⁸
818 1875 1306 1945 Alexandriam
1345 1879 1859 1945 tumultuantem
1900 1879 2195 1944 intravit.
2284 1878 2439 1945 Cae-

231 1997 357 2058 sar,
385 1979 681 2047 dictator
708 1987 994 2063 creatus,
1019 1981 1452 2068 Cleopatram
1474 1983 1546 2048 in
1575 1991 1848 2065 regnum
1875 1981 2159 2066 AEgypti
2186 1981 2437 2048 redux-

231 2082 304 2158 it,
349 2089 422 2148 et
469 2083 864 2149 inferentem
921 2083 1174 2150 bellum
1227 2085 1470 2150 iisdem
1520 2085 1911 2151 auctoribus
1962 2083 2437 2164 Ptolemaeum,

235 2185 484 2268 quibus
509 2185 906 2273 Pompeium
939 2187 1395 2268 interfecerat,
1437 2205 1588 2253 cum
1621 2206 1863 2270 magno
1902 2205 2027 2251 suo
2054 2185 2437 2251 discrimine

233 2288 414 2353 vicit.
507 2287 920 2356 Ptolemaeus
965 2289 1123 2355 dum
1169 2291 1368 2374 fugit,
1413 2291 1484 2355 in
1539 2289 1707 2355 Nilo
1748 2287 2067 2354 navicula
2106 2287 2436 2354 subsedit.

233 2388 574 2456 Praeterea
600 2390 1016 2457 laboriosum
1047 2390 1151 2457 Μ.
1181 2390 1462 2458 Catonis
1488 2393 1556 2457 in
1587 2391 1822 2457 Africa
1842 2409 1963 2477 per
1983 2389 2255 2456 deserta
2280 2409 2437 2456 cum

233 2492 611 2576 legionibus
640 2495 784 2574 iter,
829 2499 898 2559 et
937 2494 1186 2560 bellum
1235 2513 1278 2559 a
1325 2491 1449 2559 Cn.
1500 2492 1811 2558 Domitio
1860 2498 2096 2558 contra
2136 2489 2438 2557 Pharna-

237 2615 373 2665 cem
414 2605 706 2682 parum⁹
735 2615 1054 2683 prospere
1084 2603 1348 2682 gestum
1380 2595 1704 2663 continet.

1145 2743 1446 2765 ‘nm
1449 2743 1510 2765 00

294 2844 1238 2910 ‘Perpminssmn-Doujavtcre
1239 2849 1358 2897 .-ο
1389 2844 1887 2919 Ctfiuqmiregm
1916 2842 2149 2909 maxim,
2184 2843 2267 2906 &0-
2306 2842 2434 2895 edd.

236 2908 486 2959 ιιι-ιιειῦο
489 2910 1276 2997 ωσ-ῚῙιιΟῃινιιιιιεμιᾶ-8’
1296 2910 1460 2960 Gru-o
1553 2908 1801 2959 nmlec
1933 2878 2533 2973 meffeument,et‘

232 2924 580 3091 {luem-nin
608 2988 696 3025 nec
669 2978 820 3027 coine
848 2976 1059 3039 periculo
1094 2976 1202 3028 eet?
1233 2974 1314 3026 Ru
1283 2990 1388 3042 ope
1355 2984 1458 3028 e.rt
1460 2924 1584 3025 —9¹³
1590 2974 1855 3027 Plura-teu·
1863 2922 2121 3023 ’,Ραι-ιθιιιιιι
2153 2970 2275 3023 e.dd
2308 2980 2435 3026 ante

273 3054 404 3104 ugon-

1065 3236 1254 3305 LIB.
1316 3235 1606 3347 CXIII.

318 3424 740 3491 Confirmatis
795 3424 871 3491 in
921 3424 1160 3493 Africa
1210 3423 1647 3509 Pompeianis
1698 3419 2025 3509 partibus,
2077 3421 2435 3508 imperium

239 3546 450 3593 earum
479 3527 569 3594 P.
599 3527 912 3614 Scipioni
939 3527 1237 3593 delatum
1266 3532 1396 3604 est,
1427 3525 1713 3604 Catone,
1746 3522 1860 3591 cui
1891 3542 1981 3589 ex
2012 3542 2213 3608 aequo
2251 3522 2432 3590 defe-

239 3631 502 3695 rebatur
549 3630 986 3715 ἰιιιιιοιήιιιιι,ιο
1033 3614 1334 3695 cedente.
1421 3626 1513 3694 Et
1556 3647 1712 3693 cum
1764 3625 1849 3690 de
1894 3624 2221 3690 diruenda
2267 3627 2432 3692 urbe

241 3730 438 3798 Utica
464 3742 745 3818 propter
769 3733 1069 3799 favorem
1109 3730 1408 3797 civitatis
1446 3728 1600 3815 ejus
1629 3731 1701 3793 in
1732 3728 2077 3794 Caesarem
2106 3726 2435 3794 delibera-

239 3842 423 3914 retur,
446 3835 651 3921 idque
673 3856 768 3901 ne
791 3832 1004 3916 fieret,
1037 3833 1140 3900 Μ.
1170 3834 1344 3901 Gato
1376 3833 1720 3911 tenuisset,
1748 3829 1940 3897 suba
1968 3828 2319 3907 suadente,
2352 3838 2433 3895 ut

241 3937 631 4020 dirueretur;
677 3938 890 4005 tutela
908 3938 1058 4025 ejus
1081 3942 1151 4003 et
1177 3938 1489 4003 custodia
1515 3922 1841 4001 mandata‘
1857 3937 1961 3999 est
1985 3930 2242 3999 Catoni.
2305 3933 2431 3999 Gn.

246 4038 635 4127 Pompeius,
667 4042 903 4125 Magni
931 4042 1188 4122 filius,¹¹
1233 4040 1302 4106 in
1345 4038 1712 4125 Hispania,
1748 4034 2111 4104 contractis
2153 4034 2436 4109 viribus,

241 4160 512 4228 quarum
536 4145 870 4211 ducatum
887 4164 1018 4211 nee
1045 4143 1390 4223 Afranius,
1411 4161 1543 4208 nec
1567 4141 1877 4208 Petreius
1904 4140 2217 4225 excipere
2246 4139 2430 4205 vole-

1145 4308 1270 4330 Μ

299 4412 361 4459 lo
393 4406 670 4473 Ῑιιιρενίιιιιι,
689 4405 942 4461 suadente
962 4408 1140 4476 Sigon.
1163 4410 1269 4463 del.
1293 4410 1460 4465 Gron.
1481 4408 1705 4475 Doujat.
1726 4406 2011 4459 Crem—11
2037 4402 2157 4454 Inde
2178 4402 2433 4499 Pompeia·
