3267 5250
767 465 944 534 {³oess
1696 482 2047 532 armona

1631 719 1851 788 LIB.·
1893 717 2117 786 XIII.

859 881 1179 950 Valerius
1231 883 1555 952 Laevinus
1577 890 1634 934 ¹⁴
1688 887 1929 952 consul
1982 907 2220 972 pamm
2272 907 2593 973 prospere
2644 885 2977 952 adversus

771 984 1096 1072 Pyrrhum
1124 989 1470 1072 pugnavit,
1517 987 2031 1072 elephantorum
2080 990 2381 1055 maxime
2427 991 2749 1055 inusitata
2796 985 2979 1052 facie

769 1089 1017 1155 territis
1047 1091 1392 1156 militibus.
1480 1089 1653 1155 Post
1678 1091 1747 1155 id
1779 1097 1833 1140 ¹5
1874 1091 2193 1175 praelium
2219 1111 2371 1157 cum
2404 1110 2691 1176 corpora
2714 1088 2981 1155 Roma-

768 1211 1028 1270 norum,
1074 1195 1192 1276 qui
1233 1194 1304 1259 iu
1335 1191 1486 1258 acie
1515 1193 1915 1273 ceciderant,
1967 1193 2267 1280 Pyrrhus
2306 1193 2695 1280 inspiceret,
2744 1190 2979 1256 omnia

770 1313 971 1360 versa
1007 1296 1074 1360 in
1112 1295 1366 1360 hostem
1405 1297 1685 1375 invenit,
1735 1295 2390 1382 populabundusque
2438 1295 2525 1360 ad
2562 1297 2795 1360 urbem
2828 1293 2977 1359 Ro-

771 1417 954 1462 mam
999 1399 1358 1482 processit.
1445 1398 1526 1464 G.
1560 1397 1943 1478 Fabricius,
1988 1399 2240 1464 missus
2270 1396 2358 1464 ad
2389 1419 2547 1464 eum
2578 1417 2623 1462 a
2650 1393 2981 1475 senatu,¹⁶

770 1504 847 1565 ut
877 1498 964 1565 de
991 1499 1396 1566 redimendis
1426 1500 1729 1584 captivis
1758 1507 2007 1583 ageret,
2050 1500 2317 1581 frustra,
2356 1510 2435 1567 ut
2462 1502 2753 1588 patriam
2778 1498 2978 1564 dese·-

771 1610 972 1681 reret,
1001 1621 1046 1668 a
1071 1621 1225 1686 rege
1253 1606 1550 1668 tentatus
1577 1610 1705 1669 est.
1779 1604 2057 1688 Captivi
2088 1604 2231 1670 sine
2254 1607 2471 1690 pretio
2500 1603 2767 1669 remissi
2798 1609 2980 1666 suut.

773 1703 1050 1786 Cineas,
1099 1706 1356 1789 legatus
1401 1725 1446 1770 a
1495 1705 1757 1790 Pyrrho
1808 1705 1897 1770 ad
1948 1715 2253 1773 senatum
2304 1709 2583 1786 missus,
2631 1705 2853 1790 petiit,
2906 1711 2985 1770 ut

775 1807 1262 1892 componendas
1307 1807 1506 1892 pacis
1549 1827 1765 1873 causa
1798 1827 1921 1873 rex
1961 1810 2029 1874 iu
2058 1808 2316 1875 Urbem
2342 1810 2777 1892 reciperetur.
2870 1806 2980 1870 De

775 1928 912 1994 qua
948 1929 1022 1974 re
1067 1929 1218 1975 cum
1266 1909 1353 1974 ad
1396 1910 1907 1996 frequentiorem
1956 1919 2253 1977 senatum
2296 1910 2527 1976 referri
2575 1910 2981 1996 placuisset,

773 2009 910 2095 Ap.
933 2010 1284 2084 Claudius,
1313 2013 1434 2098 qui
1454 2019 1729 2098 propter
1757 2012 2215 2079 valetudinem
2234 2022 2287 2064 ¹⁷
2314 2015 2661 2080 oculorum
2682 2013 2829 2096 jam
2858 2011 2981 2077 diu

777 2113 1081 2179 consiliis
1136 2115 1433 2197 publicis
1495 2135 1572 2180 se
1630 2114 2135 2193 abstinuerat,¹⁸
2208 2117 2389 2181 venit
2442 2116 2515 2180 in
2572 2116 2855 2192 curiam,
2910 2120 2982 2177 et

777 2215 1102 2280 sententia
1141 2235 1268 2304 sua
1309 2217 1548 2295 tenuit,
1594 2223 1667 2282 ut
1704 2217 1775 2282 id
1815 2217 2077 2302 Pyrrho
2122 2224 2497 2301 negaretur.
2586 2217 2709 2285 Cn.
2739 2216 2981 2283 Domi-

775 2317 909 2386 tius
933 2325 987 2369 ¹⁹
1038 2337 1282 2384 censor
1321 2319 1579 2404 primus
1617 2338 1708 2383 ex
1746 2319 1945 2404 plebe
1982 2319 2269 2385 lustrum
2308 2320 2661 2386 condidit?
2756 2319 2985 2385 Gensa

775 2427 935 2486 sunt
979 2420 1228 2486 civium
1280 2423 1508 2508 capita
1557 2421 1855 2488 ducenta
1898 2421 2337 2506 septuaginta
2374 2429 2531 2488 octo
2574 2420 2810 2498 millia,
2854 2421 2983 2486 du-

775 2528 971 2588 centa
998 2521 1419 2606 vigintiduo.
1499 2523 1753 2590 Iterum
1784 2523 2115 2590 adversus
2146 2523 2481 2610 Pyrrhum
2503 2523 2715 2590 dubio
2736 2529 2985 2588 eventu

775 2631 1136 2711 pugnatum
1177 2634 1308 2693 est.
1396 2626 1569 2694 Cum
1618 2626 2281 2711 Carthaginiensibus
2321 2634 2627 2713 quartum
2646 2632 2705 2664 ²⁰
2752 2623 2983 2693 foedus

775 2726 1222 2795 renovatum‘¹
1265 2736 1390 2797 est.
1479 2729 1653 2796 Cum
1684 2730 1765 2796 C·
1796 2729 2111 2796 Fabricio
2142 2732 2403 2797 consuli
2430 2732 2513 2808 is,
2546 2718 2675 2815 ‘qui
2703 2728 2793 2793 ad
2826 2747 2984 2793 eum

777 2848 822 2894 a
859 2829 1115 2917 Pyrrho
1156 2833 1654 2915 transfugerat:
1696 2833 2149 2919 polliceretur,
2200 2852 2277 2897 se
2316 2833 2453 2917 regi
2492 2851 2821 2897 venenum
2862 2830 3003 2895 da-.

775 2938 1024 3011 turum,
1064 2953 1218 3001 cum
1247 2936 1494 3001 indicio
1521 2936 1610 3001 ad
1640 2956 1864 3021 regem
1889 2938 2211 3002 remissus
2246 2944 2375 3001 est.
2466 2934 2611 3000 Res
2654 2938 2985 3018 praeterea

777 3041 1012 3100 contra
1043 3036 1397 3117 Etruscos,
1435 3038 1777 3119 LucanoS,
1818 3038 2141 3119 Bruttios,
2180 3045 2251 3104 et
2290 3038 2623 3105 Samnites
2653 3054 2985 3124 prospere

779 3144 1006 3221 gestas
1039 3140 1360 3205 continet.
2488 3166 2497 3174 ·

1706 3254 2074 3277 OOWOMOO

845 3355 909 3402 1⁴
941 3352 1148 3405 levium
1179 3353 1300 3407 edd.
1324 3362 1444 3406 ante
1464 3356 1643 3420 Sigon.
1709 3356 1839 3407 Mox
1871 3357 2123 3407 invisitata
2143 3372 2239 3417 pro
2262 3358 2495 3407 ἐπιιείεαια
2530 3355 2669 3418 conj.
2692 3355 2989 3417 Kapern—

780 3418 842 3467 1⁵
869 3416 934 3467 Ia
955 3418 1061 3468 del.
1082 3418 1378 3471 Greia—16
1397 3420 1577 3472 Verba
1597 3438 1627 3470 a
1644 3428 1815 3471 senatu
1836 3423 2028 3474 desunt
2050 3424 2101 3473 in
2122 3424 2242 3473 edd.
2266 3432 2389 3473 ante
2408 3422 2586 3485 Sigon.
2610 3420 2741 3471 chin
2766 3420 2985 3483 Doujat.

779 3486 910 3531 ——17
945 3484 1318 3535 laditudinem
1347 3488 1569 3549 Doujn.
1605 3487 1889 3537 Crem-18
1922 3487 1969 3537 A
1992 3490 2203 3539 consiliis
2226 3488 2431 3553 publicis
2452 3487 2751 3537 obtinuerat
2773 3486 2989 3548 Doujst.

779 3548 1208 3678 Sigiljxlddraente
1242 3551 1551 3616 sigum—19
1584 3552 1650 3601 P.
1673 3552 1925 3604 Domitius
1958 3554 2079 3605 edd.
2112 3563 2235 3605 ante
2266 3554 2581 3618 Signum—20
2617 3552 2802 3608 Quarto
2824 3549 2989 3600 Gron-

985 3647 998 3662 .
1126 3629 1175 3664 v.

1765 3746 1980 3799 NOTAE

843 3848 866 3877 ⁸
889 3842 983 3892 Ca.
999 3842 1244 3893 Dan-mu
1257 3856 1420 3892 cesar
1430 3842 1614 3908 primns
1629 3860 1694 3895 ea:
1706 3846 1840 3910 plebe
1916 3850 2007 3899 du
2047 3846 2346 3911 renovatum]
2390 3844 2660 3896 Adversus
2703 3841 2989 3906 Pyrrhum,

779 3918 982 3968 lustrum
1000 3917 1240 3983 condidit]
1276 3920 1396 3971 Non
1420 3918 1522 3969 fuit
1547 3921 1739 3986 primus
1772 3937 1838 3972 ex
1920 3932 1981 3975 ut
2008 3924 2191 3989 Polyb.
2212 3937 2301 3973 ιιι.
2324 3928 2568 3972 testatur.

779 3995 934 4060 plebe
955 4010 1141 4047 censor
1162 3996 1260 4047 Cn.
1280 3996 1543 4047 Domitius
1577 3998 1679 4064 (sic
1702 4000 1841 4049 enim
1983 4008 2009 4035 θ
2040 4001 2114 4062 Is,
2135 4000 2219 4065 qm·
2238 4000 2301 4049 ad
2320 4012 2427 4049 eum
2446 4014 2479 4047 ι
2498 3996 2697 4062 Pyrrho
2716 3994 2989 4057 “auffuge-

779 4078 910 4123 vett.
935 4072 1060 4123 libb.
1083 4072 1299 4138 vocant)
1319 4074 1516 4125 etenim
1538 4076 1841 4128 &Martius
1920 4077 2025 4143 rat]
2060 4078 2217 4128 Hunc
2258 4074 2617 4125 Timocharem
2644 4071 2985 4122 Ambracien-

781 4150 1011 4209 Rutilus,
1054 4158 1274 4201 anctore
1318 4152 1490 4214 Livio,
1534 4154 1729 4216 primun
1774 4168 1843 4205 ex
1924 4168 2031 4203 sem
2054 4160 2211 4204 vocat
2232 4150 2471 4201 Valerius
2494 4148 2686 4201 Antius
2704 4164 2719 4195 ε
2756 4148 2989 4200 Quadri-

782 4223 940 4289 plebe
961 4239 1147 4275 censor
1180 4225 1371 4278 fuerat.
1439 4228 1547 4280 Sed
1581 4231 1843 4282 Domitius
1923 4231 2097 4292 garino
2130 4237 2303 4278 autem
2340 4228 2547 4277 Niciam
2586 4224 2728 4291 apud
2766 4225 2907 4276 Gen.
2947 4226 2986 4277 l.

779 4302 976 4369 primus
1001 4316 1032 4351 e
1055 4302 1208 4367 plebe
1229 4304 1444 4353 lustrum
1461 4306 1719 4357 condidit.
1921 4319 2012 4356 ιιι.
2034 4320 2083 4355 c.
2105 4309 2156 4355 8.
2176 4320 2329 4371 quem
2351 4306 2489 4353 vide.

841 4377 864 4413 ¹¹
891 4378 1010 4429 Cum
1031 4380 1504 4444 Carthaginiensibus
1517 4386 1845 4448 qmlamsoe-
