<?xml version="1.0" encoding="UTF-8"?>
<!DOCTYPE html PUBLIC "-//W3C//DTD XHTML 1.0 Transitional//EN"
    "http://www.w3.org/TR/xhtml1/DTD/xhtml1-transitional.dtd">
<html xmlns="http://www.w3.org/1999/xhtml" xml:lang="en" lang="en">
 <head>
  <title>
</title>
<meta http-equiv="Content-Type" content="text/html;charset=utf-8" />
  <meta name='ocr-system' content='tesseract 3.04.00' />
  <meta name='ocr-capabilities' content='ocr_page ocr_carea ocr_par ocr_line ocrx_word'/>
</head>
<body>
  <div class='ocr_page' id='page_1' title='image "./tliviipatavinih30unkngoog_0013.png"; bbox 0 0 3267 5250; ppageno 0'>
   <div class='ocr_carea' id='block_1_1' title="bbox 1110 499 2472 570">
    <p class='ocr_par' dir='ltr' id='par_1_1' title="bbox 1110 499 2472 570">
     <span class='ocr_line' id='line_1_1' title="bbox 1110 499 2472 570; baseline 0.001 -2"><span class='ocrx_word' id='word_1_1' title='bbox 1110 520 1605 570; x_wconf 64' lang='lat' dir='ltr'><strong>resenas-ra.</strong></span> <span class='ocrx_word' id='word_1_2' title='bbox 2295 499 2472 569; x_wconf 78' lang='lat'>590⁷</span> 
     </span>
    </p>
   </div>
   <div class='ocr_carea' id='block_1_2' title="bbox 248 664 2494 2908">
    <p class='ocr_par' dir='ltr' id='par_1_2' title="bbox 248 664 2494 2908">
     <span class='ocr_line' id='line_1_2' title="bbox 252 664 2476 751; baseline 0.001 -21"><span class='ocrx_word' id='word_1_3' title='bbox 252 665 499 732; x_wconf 83' lang='lat' dir='ltr'><strong>nandis</strong></span> <span class='ocrx_word' id='word_1_4' title='bbox 545 665 828 731; x_wconf 78' lang='lat' dir='ltr'>urbibus</span> <span class='ocrx_word' id='word_1_5' title='bbox 873 665 1167 732; x_wconf 88' lang='lat' dir='ltr'><strong>hostium</strong></span> <span class='ocrx_word' id='word_1_6' title='bbox 1212 666 1567 749; x_wconf 78' lang='lat' dir='ltr'><strong>gessisset,</strong></span> <span class='ocrx_word' id='word_1_7' title='bbox 1596 665 1950 751; x_wconf 82' lang='lat' dir='ltr'><strong>exposuit,</strong></span> <span class='ocrx_word' id='word_1_8' title='bbox 1979 669 2051 732; x_wconf 89' lang='lat' dir='ltr'><strong>et</strong></span> <span class='ocrx_word' id='word_1_9' title='bbox 2087 664 2176 730; x_wconf 87' lang='lat' dir='ltr'><strong>ad</strong></span> <span class='ocrx_word' id='word_1_10' title='bbox 2218 665 2476 750; x_wconf 87' lang='lat' dir='ltr'><strong>reliqua</strong></span> 
     </span>
     <span class='ocr_line' id='line_1_3' title="bbox 250 767 2472 856; baseline -0 -22"><span class='ocrx_word' id='word_1_11' title='bbox 250 769 407 834; x_wconf 85' lang='lat' dir='ltr'><strong>belli</strong></span> <span class='ocrx_word' id='word_1_12' title='bbox 462 767 853 834; x_wconf 78' lang='lat' dir='ltr'><strong>cohortatus</strong></span> <span class='ocrx_word' id='word_1_13' title='bbox 906 777 1013 834; x_wconf 84' lang='lat' dir='ltr'><strong>est</strong></span> <span class='ocrx_word' id='word_1_14' title='bbox 1064 770 1303 854; x_wconf 79' lang='lat' dir='ltr'><strong>paucis</strong></span> <span class='ocrx_word' id='word_1_15' title='bbox 1358 769 1666 847; x_wconf 90' lang='lat' dir='ltr'><strong>edoctos,</strong></span> <span class='ocrx_word' id='word_1_16' title='bbox 1722 775 2048 856; x_wconf 87' lang='lat' dir='ltr'><strong>quantum</strong></span> <span class='ocrx_word' id='word_1_17' title='bbox 2103 767 2472 854; x_wconf 79' lang='lat' dir='ltr'><strong>Hispanioe</strong></span> 
     </span>
     <span class='ocr_line' id='line_1_4' title="bbox 250 871 2476 960; baseline -0 -22"><span class='ocrx_word' id='word_1_18' title='bbox 250 873 629 960; x_wconf 66' lang='lat' dir='ltr'><strong>provincias</strong></span> <span class='ocrx_word' id='word_1_19' title='bbox 690 875 1071 952; x_wconf 80' lang='lat' dir='ltr'><strong>interesset,</strong></span> <span class='ocrx_word' id='word_1_20' title='bbox 1124 893 1291 938; x_wconf 89' lang='lat' dir='ltr'><strong>suas</strong></span> <span class='ocrx_word' id='word_1_21' title='bbox 1344 877 1571 958; x_wconf 89' lang='lat' dir='ltr'><strong>partes</strong></span> <span class='ocrx_word' id='word_1_22' title='bbox 1626 873 2014 958; x_wconf 79' lang='lat' dir='ltr'><strong>superiores</strong></span> <span class='ocrx_word' id='word_1_23' title='bbox 2067 891 2246 938; x_wconf 89' lang='lat' dir='ltr'><strong>esse.</strong></span> <span class='ocrx_word' id='word_1_24' title='bbox 2355 871 2476 937; x_wconf 90' lang='lat' dir='ltr'><strong>Di·</strong></span> 
     </span>
     <span class='ocr_line' id='line_1_5' title="bbox 250 974 2478 1060; baseline -0.001 -19"><span class='ocrx_word' id='word_1_25' title='bbox 250 978 467 1042; x_wconf 83' lang='lat' dir='ltr'><strong>misso</strong></span> <span class='ocrx_word' id='word_1_26' title='bbox 510 974 751 1040; x_wconf 86' lang='lat' dir='ltr'><strong>deinde</strong></span> <span class='ocrx_word' id='word_1_27' title='bbox 791 985 1149 1051; x_wconf 83' lang='lat' dir='ltr'><strong>conventu,</strong></span> <span class='ocrx_word' id='word_1_28' title='bbox 1171 975 1519 1060; x_wconf 89' lang='lat' dir='ltr'><strong>jussisque</strong></span> <span class='ocrx_word' id='word_1_29' title='bbox 1551 975 1864 1040; x_wconf 88' lang='lat' dir='ltr'><strong>omnibus</strong></span> <span class='ocrx_word' id='word_1_30' title='bbox 1892 974 1992 1040; x_wconf 89' lang='lat' dir='ltr'><strong>ibi</strong></span> <span class='ocrx_word' id='word_1_31' title='bbox 2081 1017 2102 1036; x_wconf 91' lang='lat'><strong>.</strong></span> <span class='ocrx_word' id='word_1_32' title='bbox 2194 1018 2212 1036; x_wconf 87' lang='lat'><strong>.</strong></span> <span class='ocrx_word' id='word_1_33' title='bbox 2303 1017 2321 1034; x_wconf 96' lang='lat'><strong>.</strong></span> <span class='ocrx_word' id='word_1_34' title='bbox 2409 991 2478 1038; x_wconf 86' lang='lat' dir='ltr'><strong>re</strong></span> 
     </span>
     <span class='ocr_line' id='line_1_6' title="bbox 248 1075 2480 1163; baseline -0.002 -19"><span class='ocrx_word' id='word_1_35' title='bbox 248 1099 417 1144; x_wconf 87' lang='lat' dir='ltr'><strong>suas</strong></span> <span class='ocrx_word' id='word_1_36' title='bbox 467 1078 807 1163; x_wconf 88' lang='lat' dir='ltr'><strong>principio</strong></span> <span class='ocrx_word' id='word_1_37' title='bbox 854 1079 1033 1144; x_wconf 84' lang='lat' dir='ltr'><strong>veris</strong></span> <span class='ocrx_word' id='word_1_38' title='bbox 1082 1078 1182 1142; x_wconf 88' lang='lat' dir='ltr'><strong>M.</strong></span> <span class='ocrx_word' id='word_1_39' title='bbox 1228 1078 1633 1161; x_wconf 79' lang='lat' dir='ltr'><strong>Perpernam</strong></span> <span class='ocrx_word' id='word_1_40' title='bbox 1687 1095 1844 1142; x_wconf 91' lang='lat' dir='ltr'><strong>cum</strong></span> <span class='ocrx_word' id='word_1_41' title='bbox 1895 1077 2134 1160; x_wconf 83' lang='lat' dir='ltr'><strong>viginti</strong></span> <span class='ocrx_word' id='word_1_42' title='bbox 2175 1075 2480 1141; x_wconf 88' lang='lat' dir='ltr'><strong>millibus</strong></span> 
     </span>
     <span class='ocr_line' id='line_1_7' title="bbox 248 1175 2480 1266; baseline -0.004 -22"><span class='ocrx_word' id='word_1_43' title='bbox 248 1181 587 1264; x_wconf 86' lang='lat' dir='ltr'><strong>peditum,</strong></span> <span class='ocrx_word' id='word_1_44' title='bbox 620 1179 971 1266; x_wconf 88' lang='lat' dir='ltr'><strong>equitibus</strong></span> <span class='ocrx_word' id='word_1_45' title='bbox 1014 1181 1196 1246; x_wconf 89' lang='lat' dir='ltr'><strong>mille</strong></span> <span class='ocrx_word' id='word_1_46' title='bbox 1226 1178 1617 1264; x_wconf 81' lang='lat' dir='ltr'><strong>quingentis</strong></span> <span class='ocrx_word' id='word_1_47' title='bbox 1647 1178 1718 1244; x_wconf 88' lang='lat' dir='ltr'><strong>in</strong></span> <span class='ocrx_word' id='word_1_48' title='bbox 1753 1179 2178 1246; x_wconf 74' lang='lat' dir='ltr'><strong>Ilurcaonum</strong></span> <span class='ocrx_word' id='word_1_49' title='bbox 2215 1175 2480 1257; x_wconf 77' lang='lat' dir='ltr'><strong>[Iler-na-</strong></span> 
     </span>
     <span class='ocr_line' id='line_1_8' title="bbox 250 1282 2480 1368; baseline 0.003 -28"><span class='ocrx_word' id='word_1_50' title='bbox 250 1283 467 1362; x_wconf 78' lang='lat' dir='ltr'><strong>onum]</strong></span> <span class='ocrx_word' id='word_1_51' title='bbox 513 1291 779 1364; x_wconf 83' lang='lat' dir='ltr'><strong>gentem</strong></span> <span class='ocrx_word' id='word_1_52' title='bbox 826 1284 1014 1348; x_wconf 80' lang='lat' dir='ltr'><strong>misit</strong></span> <span class='ocrx_word' id='word_1_53' title='bbox 1058 1283 1145 1349; x_wconf 91' lang='lat' dir='ltr'><strong>ad</strong></span> <span class='ocrx_word' id='word_1_54' title='bbox 1186 1282 1505 1349; x_wconf 86' lang='lat' dir='ltr'><strong>tuendam</strong></span> <span class='ocrx_word' id='word_1_55' title='bbox 1552 1283 1846 1366; x_wconf 81' lang='lat' dir='ltr'><strong>regionis</strong></span> <span class='ocrx_word' id='word_1_56' title='bbox 1888 1284 2037 1368; x_wconf 88' lang='lat' dir='ltr'><strong>ejus</strong></span> <span class='ocrx_word' id='word_1_57' title='bbox 2075 1283 2480 1348; x_wconf 78' lang='lat' dir='ltr'><strong>maritimam</strong></span> 
     </span>
     <span class='ocr_line' id='line_1_9' title="bbox 252 1383 2482 1470; baseline 0 -20"><span class='ocrx_word' id='word_1_58' title='bbox 252 1405 477 1462; x_wconf 86' lang='lat' dir='ltr'><strong>oram,</strong></span> <span class='ocrx_word' id='word_1_59' title='bbox 524 1385 709 1450; x_wconf 89' lang='lat' dir='ltr'><strong>datis</strong></span> <span class='ocrx_word' id='word_1_60' title='bbox 760 1386 1143 1470; x_wconf 74' lang='lat' dir='ltr'><strong>praeeeptiS,</strong></span> <span class='ocrx_word' id='word_1_61' title='bbox 1188 1383 1437 1470; x_wconf 87' lang='lat' dir='ltr'><strong>quibus</strong></span> <span class='ocrx_word' id='word_1_62' title='bbox 1490 1385 1842 1451; x_wconf 83' lang='lat' dir='ltr'><strong>itineribus</strong></span> <span class='ocrx_word' id='word_1_63' title='bbox 1893 1384 2173 1452; x_wconf 86' lang='lat' dir='ltr'><strong>duceret</strong></span> <span class='ocrx_word' id='word_1_64' title='bbox 2225 1385 2312 1450; x_wconf 89' lang='lat' dir='ltr'><strong>ad</strong></span> <span class='ocrx_word' id='word_1_65' title='bbox 2363 1384 2482 1450; x_wconf 88' lang='lat' dir='ltr'><strong>de·</strong></span> 
     </span>
     <span class='ocr_line' id='line_1_10' title="bbox 248 1485 2484 1573; baseline -0 -22"><span class='ocrx_word' id='word_1_66' title='bbox 248 1487 633 1552; x_wconf 84' lang='lat' dir='ltr'><strong>fendendas</strong></span> <span class='ocrx_word' id='word_1_67' title='bbox 678 1488 913 1552; x_wconf 90' lang='lat' dir='ltr'><strong>socias</strong></span> <span class='ocrx_word' id='word_1_68' title='bbox 956 1488 1178 1564; x_wconf 90' lang='lat' dir='ltr'><strong>urbes,</strong></span> <span class='ocrx_word' id='word_1_69' title='bbox 1214 1507 1390 1571; x_wconf 88' lang='lat' dir='ltr'><strong>quas</strong></span> <span class='ocrx_word' id='word_1_70' title='bbox 1434 1485 1813 1573; x_wconf 89' lang='lat' dir='ltr'><strong>Pompeius</strong></span> <span class='ocrx_word' id='word_1_71' title='bbox 1857 1492 2295 1572; x_wconf 81' lang='lat' dir='ltr'><strong>oppugnaret,</strong></span> <span class='ocrx_word' id='word_1_72' title='bbox 2329 1487 2484 1572; x_wconf 87' lang='lat' dir='ltr'><strong>qui·</strong></span> 
     </span>
     <span class='ocr_line' id='line_1_11' title="bbox 250 1589 2326 1675; baseline -0 -21"><span class='ocrx_word' id='word_1_73' title='bbox 250 1589 527 1673; x_wconf 88' lang='lat' dir='ltr'><strong>busque</strong></span> <span class='ocrx_word' id='word_1_74' title='bbox 556 1590 785 1675; x_wconf 88' lang='lat' dir='ltr'><strong>ipsum</strong></span> <span class='ocrx_word' id='word_1_75' title='bbox 814 1608 1047 1673; x_wconf 83' lang='lat' dir='ltr'><strong>agmen</strong></span> <span class='ocrx_word' id='word_1_76' title='bbox 1080 1589 1399 1673; x_wconf 89' lang='lat' dir='ltr'><strong>Pompeii</strong></span> <span class='ocrx_word' id='word_1_77' title='bbox 1424 1609 1517 1656; x_wconf 81' lang='lat' dir='ltr'><strong>ex</strong></span> <span class='ocrx_word' id='word_1_78' title='bbox 1546 1591 1816 1654; x_wconf 86' lang='lat' dir='ltr'><strong>insidiis</strong></span> <span class='ocrx_word' id='word_1_79' title='bbox 1845 1589 2326 1674; x_wconf 81' lang='lat' dir='ltr'><strong>aggrederetur.</strong></span> 
     </span>
     <span class='ocr_line' id='line_1_12' title="bbox 350 1690 2486 1776; baseline -0 -19"><span class='ocrx_word' id='word_1_80' title='bbox 350 1691 618 1757; x_wconf 86' lang='lat' dir='ltr'><strong>Eodem</strong></span> <span class='ocrx_word' id='word_1_81' title='bbox 648 1700 951 1776; x_wconf 91' lang='lat' dir='ltr'><strong>tempore</strong></span> <span class='ocrx_word' id='word_1_82' title='bbox 980 1699 1047 1756; x_wconf 90' lang='lat' dir='ltr'><strong>et</strong></span> <span class='ocrx_word' id='word_1_83' title='bbox 1086 1690 1175 1758; x_wconf 88' lang='lat' dir='ltr'><strong>ad</strong></span> <span class='ocrx_word' id='word_1_84' title='bbox 1207 1691 1770 1770; x_wconf 87' lang='lat' dir='ltr'><strong>Herennuleium,</strong></span> <span class='ocrx_word' id='word_1_85' title='bbox 1801 1694 1922 1776; x_wconf 85' lang='lat' dir='ltr'><strong>qui</strong></span> <span class='ocrx_word' id='word_1_86' title='bbox 1951 1694 2020 1757; x_wconf 90' lang='lat' dir='ltr'><strong>in</strong></span> <span class='ocrx_word' id='word_1_87' title='bbox 2050 1691 2262 1758; x_wconf 90' lang='lat' dir='ltr'><strong>isdem</strong></span> <span class='ocrx_word' id='word_1_88' title='bbox 2307 1691 2486 1758; x_wconf 77' lang='lat' dir='ltr'><strong>locis</strong></span> 
     </span>
     <span class='ocr_line' id='line_1_13' title="bbox 254 1793 2486 1880; baseline 0.001 -22"><span class='ocrx_word' id='word_1_89' title='bbox 254 1801 433 1873; x_wconf 89' lang='lat' dir='ltr'><strong>erat,</strong></span> <span class='ocrx_word' id='word_1_90' title='bbox 458 1793 703 1858; x_wconf 81' lang='lat' dir='ltr'><strong>literas</strong></span> <span class='ocrx_word' id='word_1_91' title='bbox 740 1795 945 1872; x_wconf 82' lang='lat' dir='ltr'><strong>misit,</strong></span> <span class='ocrx_word' id='word_1_92' title='bbox 974 1803 1045 1858; x_wconf 89' lang='lat' dir='ltr'><strong>et</strong></span> <span class='ocrx_word' id='word_1_93' title='bbox 1086 1795 1155 1858; x_wconf 91' lang='lat' dir='ltr'><strong>in</strong></span> <span class='ocrx_word' id='word_1_94' title='bbox 1204 1795 1477 1859; x_wconf 89' lang='lat' dir='ltr'><strong>alteram</strong></span> <span class='ocrx_word' id='word_1_95' title='bbox 1526 1796 1945 1880; x_wconf 86' lang='lat' dir='ltr'><strong>provinciam</strong></span> <span class='ocrx_word' id='word_1_96' title='bbox 1991 1793 2078 1860; x_wconf 90' lang='lat' dir='ltr'><strong>ad</strong></span> <span class='ocrx_word' id='word_1_97' title='bbox 2119 1793 2202 1858; x_wconf 87' lang='lat' dir='ltr'><strong>L.</strong></span> <span class='ocrx_word' id='word_1_98' title='bbox 2237 1793 2486 1860; x_wconf 85' lang='lat' dir='ltr'><strong>Hertu-</strong></span> 
     </span>
     <span class='ocr_line' id='line_1_14' title="bbox 250 1893 2485 1982; baseline 0 -22"><span class='ocrx_word' id='word_1_99' title='bbox 250 1896 471 1961; x_wconf 87' lang='lat' dir='ltr'><strong>leium</strong></span> <span class='ocrx_word' id='word_1_100' title='bbox 518 1893 944 1976; x_wconf 83' lang='lat' dir='ltr'><strong>[Hirtuleium]</strong></span> <span class='ocrx_word' id='word_1_101' title='bbox 987 1898 1416 1982; x_wconf 76' lang='lat' dir='ltr'><strong>praecipiens,</strong></span> <span class='ocrx_word' id='word_1_102' title='bbox 1460 1896 2024 1982; x_wconf 85' lang='lat' dir='ltr'><strong>quemadmodum</strong></span> <span class='ocrx_word' id='word_1_103' title='bbox 2069 1896 2324 1962; x_wconf 88' lang='lat' dir='ltr'><strong>bellum</strong></span> <span class='ocrx_word' id='word_1_104' title='bbox 2367 1897 2485 1960; x_wconf 84' lang='lat' dir='ltr'><strong>ad·</strong></span> 
     </span>
     <span class='ocr_line' id='line_1_15' title="bbox 250 1997 2488 2078; baseline 0 -21"><span class='ocrx_word' id='word_1_105' title='bbox 250 1999 643 2064; x_wconf 64' lang='lat' dir='ltr'><strong>ministrare</strong></span> <span class='ocrx_word' id='word_1_106' title='bbox 697 1997 1121 2075; x_wconf 83' lang='lat' dir='ltr'><strong>[administrari</strong></span> <span class='ocrx_word' id='word_1_107' title='bbox 1170 1998 1264 2060; x_wconf 80' lang='lat' dir='ltr'><strong>vel</strong></span> <span class='ocrx_word' id='word_1_108' title='bbox 1308 1998 1721 2059; x_wconf 84' lang='lat' dir='ltr'><strong>administrare</strong></span> <span class='ocrx_word' id='word_1_109' title='bbox 1767 1997 1987 2078; x_wconf 83' lang='lat' dir='ltr'><strong>ipsum]</strong></span> <span class='ocrx_word' id='word_1_110' title='bbox 2038 1999 2296 2078; x_wconf 80' lang='lat' dir='ltr'><strong>vellet‚·</strong></span> <span class='ocrx_word' id='word_1_111' title='bbox 2329 2007 2488 2064; x_wconf 78' lang='lat' dir='ltr'><strong>ante</strong></span> 
     </span>
     <span class='ocr_line' id='line_1_16' title="bbox 255 2101 2486 2180; baseline -0.001 -12"><span class='ocrx_word' id='word_1_112' title='bbox 255 2103 497 2168; x_wconf 86' lang='lat' dir='ltr'><strong>omnia</strong></span> <span class='ocrx_word' id='word_1_113' title='bbox 526 2107 604 2167; x_wconf 90' lang='lat' dir='ltr'><strong>ut</strong></span> <span class='ocrx_word' id='word_1_114' title='bbox 632 2103 733 2167; x_wconf 90' lang='lat' dir='ltr'><strong>ita</strong></span> <span class='ocrx_word' id='word_1_115' title='bbox 762 2101 997 2166; x_wconf 90' lang='lat' dir='ltr'><strong>socias</strong></span> <span class='ocrx_word' id='word_1_116' title='bbox 1028 2103 1347 2167; x_wconf 84' lang='lat' dir='ltr'><strong>civitates</strong></span> <span class='ocrx_word' id='word_1_117' title='bbox 1380 2110 1704 2180; x_wconf 89' lang='lat' dir='ltr'><strong>tueretur,</strong></span> <span class='ocrx_word' id='word_1_118' title='bbox 1735 2121 1816 2166; x_wconf 89' lang='lat' dir='ltr'><strong>ne</strong></span> <span class='ocrx_word' id='word_1_119' title='bbox 1847 2102 1992 2167; x_wconf 90' lang='lat' dir='ltr'><strong>acie</strong></span> <span class='ocrx_word' id='word_1_120' title='bbox 2017 2121 2171 2166; x_wconf 90' lang='lat' dir='ltr'><strong>cum</strong></span> <span class='ocrx_word' id='word_1_121' title='bbox 2205 2101 2486 2166; x_wconf 82' lang='lat' dir='ltr'><strong>Metello</strong></span> 
     </span>
     <span class='ocr_line' id='line_1_17' title="bbox 258 2205 2492 2291; baseline -0 -21"><span class='ocrx_word' id='word_1_122' title='bbox 258 2206 645 2283; x_wconf 79' lang='lat' dir='ltr'><strong>dimicaret,</strong></span> <span class='ocrx_word' id='word_1_123' title='bbox 676 2205 791 2270; x_wconf 91' lang='lat' dir='ltr'><strong>cui</strong></span> <span class='ocrx_word' id='word_1_124' title='bbox 836 2223 1054 2288; x_wconf 90' lang='lat' dir='ltr'><strong>neque</strong></span> <span class='ocrx_word' id='word_1_125' title='bbox 1102 2207 1532 2282; x_wconf 89' lang='lat' dir='ltr'><strong>auctoritate,</strong></span> <span class='ocrx_word' id='word_1_126' title='bbox 1574 2223 1798 2288; x_wconf 89' lang='lat' dir='ltr'><strong>neque</strong></span> <span class='ocrx_word' id='word_1_127' title='bbox 1845 2205 2106 2271; x_wconf 83' lang='lat' dir='ltr'><strong>viribus</strong></span> <span class='ocrx_word' id='word_1_128' title='bbox 2155 2225 2276 2291; x_wconf 88' lang='lat' dir='ltr'><strong>par</strong></span> <span class='ocrx_word' id='word_1_129' title='bbox 2309 2213 2492 2270; x_wconf 87' lang='lat' dir='ltr'><strong>esset</strong></span> 
     </span>
     <span class='ocr_line' id='line_1_18' title="bbox 435 2308 2488 2393; baseline 0.001 -23"><span class='ocrx_word' id='word_1_130' title='bbox 435 2353 453 2370; x_wconf 95' lang='lat'><strong>.</strong></span> <span class='ocrx_word' id='word_1_131' title='bbox 522 2355 541 2372; x_wconf 93' lang='lat'><strong>.</strong></span> <span class='ocrx_word' id='word_1_132' title='bbox 586 2327 654 2371; x_wconf 89' lang='lat' dir='ltr'><strong>m</strong></span> <span class='ocrx_word' id='word_1_133' title='bbox 706 2308 1059 2372; x_wconf 89' lang='lat' dir='ltr'><strong>consilinm</strong></span> <span class='ocrx_word' id='word_1_134' title='bbox 1110 2352 1125 2369; x_wconf 91' lang='lat'><strong>.</strong></span> <span class='ocrx_word' id='word_1_135' title='bbox 1174 2354 1189 2371; x_wconf 93' lang='lat'><strong>.</strong></span> <span class='ocrx_word' id='word_1_136' title='bbox 1241 2354 1259 2371; x_wconf 91' lang='lat'><strong>.</strong></span> <span class='ocrx_word' id='word_1_137' title='bbox 1302 2355 1321 2372; x_wconf 95' lang='lat'><strong>.</strong></span> <span class='ocrx_word' id='word_1_138' title='bbox 1369 2329 1637 2374; x_wconf 83' lang='lat' dir='ltr'><strong>versum</strong></span> <span class='ocrx_word' id='word_1_139' title='bbox 1683 2353 1702 2372; x_wconf 93' lang='lat'><strong>.</strong></span> <span class='ocrx_word' id='word_1_140' title='bbox 1751 2353 1768 2372; x_wconf 91' lang='lat'><strong>.</strong></span> <span class='ocrx_word' id='word_1_141' title='bbox 1817 2355 1834 2370; x_wconf 92' lang='lat'><strong>.</strong></span> <span class='ocrx_word' id='word_1_142' title='bbox 1879 2329 2096 2393; x_wconf 89' lang='lat' dir='ltr'><strong>neque</strong></span> <span class='ocrx_word' id='word_1_143' title='bbox 2148 2309 2218 2374; x_wconf 92' lang='lat' dir='ltr'><strong>in</strong></span> <span class='ocrx_word' id='word_1_144' title='bbox 2272 2311 2488 2376; x_wconf 88' lang='lat' dir='ltr'><strong>aciem</strong></span> 
     </span>
     <span class='ocr_line' id='line_1_19' title="bbox 262 2409 2492 2488; baseline -0.001 -12"><span class='ocrx_word' id='word_1_145' title='bbox 262 2412 751 2476; x_wconf 85' lang='lat' dir='ltr'><strong>descensurum</strong></span> <span class='ocrx_word' id='word_1_146' title='bbox 804 2429 957 2474; x_wconf 89' lang='lat' dir='ltr'><strong>enm</strong></span> <span class='ocrx_word' id='word_1_147' title='bbox 1010 2409 1349 2486; x_wconf 86' lang='lat' dir='ltr'><strong>credebat,</strong></span> <span class='ocrx_word' id='word_1_148' title='bbox 1400 2411 1461 2476; x_wconf 89' lang='lat' dir='ltr'><strong>si</strong></span> <span class='ocrx_word' id='word_1_149' title='bbox 1522 2411 1892 2477; x_wconf 86' lang='lat' dir='ltr'><strong>traheretur</strong></span> <span class='ocrx_word' id='word_1_150' title='bbox 1949 2412 2236 2478; x_wconf 88' lang='lat' dir='ltr'><strong>bellum:</strong></span> <span class='ocrx_word' id='word_1_151' title='bbox 2291 2412 2492 2488; x_wconf 89' lang='lat' dir='ltr'><strong>hosti,</strong></span> 
     </span>
     <span class='ocr_line' id='line_1_20' title="bbox 264 2512 2492 2599; baseline 0.001 -21"><span class='ocrx_word' id='word_1_152' title='bbox 264 2533 428 2578; x_wconf 86' lang='lat' dir='ltr'><strong>cnm</strong></span> <span class='ocrx_word' id='word_1_153' title='bbox 478 2533 669 2578; x_wconf 87' lang='lat' dir='ltr'><strong>mare</strong></span> <span class='ocrx_word' id='word_1_154' title='bbox 712 2513 801 2578; x_wconf 88' lang='lat' dir='ltr'><strong>ab</strong></span> <span class='ocrx_word' id='word_1_155' title='bbox 842 2517 1032 2596; x_wconf 87' lang='lat' dir='ltr'><strong>tergo</strong></span> <span class='ocrx_word' id='word_1_156' title='bbox 1065 2512 1583 2598; x_wconf 87' lang='lat' dir='ltr'><strong>provinciasque</strong></span> <span class='ocrx_word' id='word_1_157' title='bbox 1614 2533 1846 2579; x_wconf 90' lang='lat' dir='ltr'><strong>omnes</strong></span> <span class='ocrx_word' id='word_1_158' title='bbox 1877 2515 1947 2578; x_wconf 91' lang='lat' dir='ltr'><strong>in</strong></span> <span class='ocrx_word' id='word_1_159' title='bbox 1996 2521 2336 2599; x_wconf 88' lang='lat' dir='ltr'><strong>potestate</strong></span> <span class='ocrx_word' id='word_1_160' title='bbox 2376 2514 2492 2580; x_wconf 88' lang='lat' dir='ltr'><strong>ha-</strong></span> 
     </span>
     <span class='ocr_line' id='line_1_21' title="bbox 260 2615 2494 2704; baseline 0 -22"><span class='ocrx_word' id='word_1_161' title='bbox 260 2619 481 2695; x_wconf 85' lang='lat' dir='ltr'><strong>beret,</strong></span> <span class='ocrx_word' id='word_1_162' title='bbox 510 2616 797 2682; x_wconf 83' lang='lat' dir='ltr'><strong>navibus</strong></span> <span class='ocrx_word' id='word_1_163' title='bbox 844 2615 1145 2702; x_wconf 89' lang='lat' dir='ltr'><strong>undique</strong></span> <span class='ocrx_word' id='word_1_164' title='bbox 1189 2626 1609 2683; x_wconf 86' lang='lat' dir='ltr'><strong>commeatus</strong></span> <span class='ocrx_word' id='word_1_165' title='bbox 1659 2621 2012 2699; x_wconf 83' lang='lat' dir='ltr'><strong>venturos3</strong></span> <span class='ocrx_word' id='word_1_166' title='bbox 2066 2619 2202 2704; x_wconf 91' lang='lat' dir='ltr'><strong>ipsi</strong></span> <span class='ocrx_word' id='word_1_167' title='bbox 2245 2627 2494 2697; x_wconf 88' lang='lat' dir='ltr'><strong>autem,</strong></span> 
     </span>
     <span class='ocr_line' id='line_1_22' title="bbox 262 2720 2492 2806; baseline 0 -22"><span class='ocrx_word' id='word_1_168' title='bbox 262 2722 655 2785; x_wconf 85' lang='lat' dir='ltr'><strong>consumtis</strong></span> <span class='ocrx_word' id='word_1_169' title='bbox 702 2722 927 2803; x_wconf 89' lang='lat' dir='ltr'><strong>priore</strong></span> <span class='ocrx_word' id='word_1_170' title='bbox 958 2730 1223 2800; x_wconf 63' lang='lat' dir='ltr'><strong>aestate,</strong></span> <span class='ocrx_word' id='word_1_171' title='bbox 1254 2740 1408 2805; x_wconf 84' lang='lat' dir='ltr'><strong>quae</strong></span> <span class='ocrx_word' id='word_1_172' title='bbox 1438 2727 1821 2806; x_wconf 81' lang='lat' dir='ltr'><strong>praeparata</strong></span> <span class='ocrx_word' id='word_1_173' title='bbox 1850 2721 2164 2801; x_wconf 86' lang='lat' dir='ltr'><strong>fuissent,</strong></span> <span class='ocrx_word' id='word_1_174' title='bbox 2197 2720 2492 2797; x_wconf 87' lang='lat' dir='ltr'><strong>omnium</strong></span> 
     </span>
     <span class='ocr_line' id='line_1_23' title="bbox 266 2824 1023 2908; baseline -0.001 -20"><span class='ocrx_word' id='word_1_175' title='bbox 266 2842 495 2888; x_wconf 87' lang='lat' dir='ltr'><strong>rerum</strong></span> <span class='ocrx_word' id='word_1_176' title='bbox 529 2824 831 2908; x_wconf 89' lang='lat' dir='ltr'><strong>inopiam</strong></span> <span class='ocrx_word' id='word_1_177' title='bbox 863 2824 1023 2888; x_wconf 83' lang='lat' dir='ltr'><strong>fore.</strong></span> 
     </span>
    </p>
   </div>
   <div class='ocr_carea' id='block_1_3' title="bbox 269 2892 2500 3209">
    <p class='ocr_par' dir='ltr' id='par_1_3' title="bbox 269 2892 2500 3209">
     <span class='ocr_line' id='line_1_24' title="bbox 366 2892 2496 3011; baseline -0.001 -20"><span class='ocrx_word' id='word_1_178' title='bbox 366 2927 775 3011; x_wconf 82' lang='lat' dir='ltr'><strong>Perpernam</strong></span> <span class='ocrx_word' id='word_1_179' title='bbox 804 2929 874 2991; x_wconf 93' lang='lat' dir='ltr'><strong>in</strong></span> <span class='ocrx_word' id='word_1_180' title='bbox 908 2928 1309 2993; x_wconf 89' lang='lat' dir='ltr'><strong>maritimam</strong></span> <span class='ocrx_word' id='word_1_181' title='bbox 1341 2892 1671 3010; x_wconf 84' lang='lat' dir='ltr'><strong>regionem</strong></span> <span class='ocrx_word' id='word_1_182' title='bbox 1707 2929 1833 2992; x_wconf 87' lang='lat' dir='ltr'><strong>sub</strong></span> <span class='ocrx_word' id='word_1_183' title='bbox 1865 2972 1883 2991; x_wconf 97' lang='lat'><strong>.</strong></span> <span class='ocrx_word' id='word_1_184' title='bbox 1923 2974 1937 2989; x_wconf 91' lang='lat'><strong>.</strong></span> <span class='ocrx_word' id='word_1_185' title='bbox 1978 2966 1998 2989; x_wconf 89' lang='lat'><strong>.</strong></span> <span class='ocrx_word' id='word_1_186' title='bbox 2024 2936 2166 2993; x_wconf 90' lang='lat' dir='ltr'><strong>tum</strong></span> <span class='ocrx_word' id='word_1_187' title='bbox 2215 2969 2496 2992; x_wconf 90' lang='grc'><strong>.....</strong></span> 
     </span>
     <span class='ocr_line' id='line_1_25' title="bbox 270 3030 2500 3116; baseline -0 -22"><span class='ocrx_word' id='word_1_188' title='bbox 270 3050 315 3094; x_wconf 84' lang='lat' dir='ltr'><strong>a</strong></span> <span class='ocrx_word' id='word_1_189' title='bbox 339 3030 507 3113; x_wconf 86' lang='lat' dir='ltr'><strong>geri,</strong></span> <span class='ocrx_word' id='word_1_190' title='bbox 534 3050 691 3095; x_wconf 88' lang='lat' dir='ltr'><strong>cum</strong></span> <span class='ocrx_word' id='word_1_191' title='bbox 724 3030 813 3095; x_wconf 90' lang='lat' dir='ltr'><strong>ab</strong></span> <span class='ocrx_word' id='word_1_192' title='bbox 843 3050 916 3095; x_wconf 90' lang='lat' dir='ltr'><strong>se</strong></span> <span class='ocrx_word' id='word_1_193' title='bbox 947 3038 1476 3116; x_wconf 87' lang='lat' dir='ltr'><strong>oppugnarentur</strong></span> <span class='ocrx_word' id='word_1_194' title='bbox 1502 3030 1819 3096; x_wconf 88' lang='lat' dir='ltr'><strong>Celtiberi</strong></span> <span class='ocrx_word' id='word_1_195' title='bbox 1847 3038 1924 3095; x_wconf 89' lang='lat' dir='ltr'><strong>nt</strong></span> <span class='ocrx_word' id='word_1_196' title='bbox 1968 3075 2248 3095; x_wconf 90' lang='lat'><strong>.....</strong></span> <span class='ocrx_word' id='word_1_197' title='bbox 2293 3030 2500 3093; x_wconf 88' lang='lat' dir='ltr'><strong>armis</strong></span> 
     </span>
     <span class='ocr_line' id='line_1_26' title="bbox 269 3135 2500 3209; baseline 0 -14"><span class='ocrx_word' id='word_1_198' title='bbox 269 3176 858 3199; x_wconf 89' lang='lat'><strong>......</strong></span> <span class='ocrx_word' id='word_1_199' title='bbox 945 3152 1118 3199; x_wconf 82' lang='lat' dir='ltr'><strong>aemu</strong></span> <span class='ocrx_word' id='word_1_200' title='bbox 1208 3178 1225 3199; x_wconf 91' lang='lat'><strong>.</strong></span> <span class='ocrx_word' id='word_1_201' title='bbox 1322 3179 1340 3197; x_wconf 84' lang='lat'><strong>.</strong></span> <span class='ocrx_word' id='word_1_202' title='bbox 1432 3182 1450 3199; x_wconf 90' lang='lat'><strong>.</strong></span> <span class='ocrx_word' id='word_1_203' title='bbox 1544 3180 1559 3196; x_wconf 93' lang='lat'><strong>.</strong></span> <span class='ocrx_word' id='word_1_204' title='bbox 1655 3180 1671 3199; x_wconf 91' lang='lat'><strong>.</strong></span> <span class='ocrx_word' id='word_1_205' title='bbox 1757 3135 2244 3200; x_wconf 87' lang='lat' dir='ltr'><strong>maritimamne</strong></span> <span class='ocrx_word' id='word_1_206' title='bbox 2287 3152 2500 3209; x_wconf 84' lang='lat' dir='ltr'><strong>oram,</strong></span> 
     </span>
    </p>
   </div>
   <div class='ocr_carea' id='block_1_4' title="bbox 268 3234 2516 4455">
    <p class='ocr_par' dir='ltr' id='par_1_4' title="bbox 268 3234 2510 4145">
     <span class='ocr_line' id='line_1_27' title="bbox 268 3234 2502 3319; baseline 0.001 -20"><span class='ocrx_word' id='word_1_207' title='bbox 268 3242 347 3299; x_wconf 84' lang='lat' dir='ltr'><strong>ut</strong></span> <span class='ocrx_word' id='word_1_208' title='bbox 378 3234 795 3318; x_wconf 89' lang='lat' dir='ltr'><strong>Pompeium</strong></span> <span class='ocrx_word' id='word_1_209' title='bbox 828 3235 916 3300; x_wconf 89' lang='lat' dir='ltr'><strong>ab</strong></span> <span class='ocrx_word' id='word_1_210' title='bbox 950 3235 1333 3302; x_wconf 87' lang='lat' dir='ltr'><strong>Ilercaonia</strong></span> <span class='ocrx_word' id='word_1_211' title='bbox 1363 3245 1435 3302; x_wconf 86' lang='lat' dir='ltr'><strong>et</strong></span> <span class='ocrx_word' id='word_1_212' title='bbox 1465 3235 1915 3302; x_wconf 88' lang='lat' dir='ltr'><strong>Contestania</strong></span> <span class='ocrx_word' id='word_1_213' title='bbox 1940 3244 2190 3315; x_wconf 91' lang='lat' dir='ltr'><strong>arceat,</strong></span> <span class='ocrx_word' id='word_1_214' title='bbox 2216 3243 2502 3319; x_wconf 89' lang='lat' dir='ltr'><strong>utraque</strong></span> 
     </span>
     <span class='ocr_line' id='line_1_28' title="bbox 269 3337 2502 3420; baseline 0.001 -18"><span class='ocrx_word' id='word_1_215' title='bbox 269 3340 475 3403; x_wconf 87' lang='lat' dir='ltr'><strong>socia</strong></span> <span class='ocrx_word' id='word_1_216' title='bbox 518 3343 739 3420; x_wconf 85' lang='lat' dir='ltr'><strong>gente,</strong></span> <span class='ocrx_word' id='word_1_217' title='bbox 772 3357 859 3403; x_wconf 90' lang='lat' dir='ltr'><strong>an</strong></span> <span class='ocrx_word' id='word_1_218' title='bbox 904 3337 991 3403; x_wconf 90' lang='lat' dir='ltr'><strong>ad</strong></span> <span class='ocrx_word' id='word_1_219' title='bbox 1034 3338 1379 3405; x_wconf 89' lang='lat' dir='ltr'><strong>Metellum</strong></span> <span class='ocrx_word' id='word_1_220' title='bbox 1411 3347 1479 3405; x_wconf 89' lang='lat' dir='ltr'><strong>et</strong></span> <span class='ocrx_word' id='word_1_221' title='bbox 1510 3340 1940 3405; x_wconf 83' lang='lat' dir='ltr'><strong>Rusitaniam</strong></span> <span class='ocrx_word' id='word_1_222' title='bbox 1975 3338 2396 3419; x_wconf 73' lang='lat' dir='ltr'><strong>[Lusitaniam]</strong></span> <span class='ocrx_word' id='word_1_223' title='bbox 2425 3340 2502 3402; x_wconf 79' lang='lat' dir='ltr'><strong>&#39;se</strong></span> 
     </span>
     <span class='ocr_line' id='line_1_29' title="bbox 272 3440 2502 3528; baseline -0.001 -21"><span class='ocrx_word' id='word_1_224' title='bbox 272 3442 683 3507; x_wconf 60' lang='lat' dir='ltr'><strong>convertat?</strong></span> <span class='ocrx_word' id='word_1_225' title='bbox 760 3440 942 3507; x_wconf 85' lang='lat' dir='ltr'><strong>Haec</strong></span> <span class='ocrx_word' id='word_1_226' title='bbox 970 3460 1199 3507; x_wconf 88' lang='lat' dir='ltr'><strong>secum</strong></span> <span class='ocrx_word' id='word_1_227' title='bbox 1228 3444 1491 3526; x_wconf 86' lang='lat' dir='ltr'><strong>agitans</strong></span> <span class='ocrx_word' id='word_1_228' title='bbox 1520 3442 1871 3509; x_wconf 88' lang='lat' dir='ltr'><strong>Sartorius</strong></span> <span class='ocrx_word' id='word_1_229' title='bbox 1903 3450 2154 3528; x_wconf 79' lang='lat' dir='ltr'><strong>praeter</strong></span> <span class='ocrx_word' id='word_1_230' title='bbox 2181 3442 2502 3526; x_wconf 84' lang='lat' dir='ltr'><strong>hyberum</strong></span> 
     </span>
     <span class='ocr_line' id='line_1_30' title="bbox 272 3544 2503 3631; baseline -0.001 -22"><span class='ocrx_word' id='word_1_231' title='bbox 272 3563 551 3609; x_wconf 88' lang='lat' dir='ltr'><strong>amnem</strong></span> <span class='ocrx_word' id='word_1_232' title='bbox 598 3562 723 3627; x_wconf 91' lang='lat' dir='ltr'><strong>per</strong></span> <span class='ocrx_word' id='word_1_233' title='bbox 767 3550 1051 3626; x_wconf 90' lang='lat' dir='ltr'><strong>pacatos</strong></span> <span class='ocrx_word' id='word_1_234' title='bbox 1094 3564 1299 3628; x_wconf 86' lang='lat' dir='ltr'><strong>agros</strong></span> <span class='ocrx_word' id='word_1_235' title='bbox 1341 3547 1642 3631; x_wconf 85' lang='lat' dir='ltr'><strong>quietum</strong></span> <span class='ocrx_word' id='word_1_236' title='bbox 1693 3548 2072 3612; x_wconf 84' lang='lat' dir='ltr'><strong>exercitum</strong></span> <span class='ocrx_word' id='word_1_237' title='bbox 2113 3546 2262 3609; x_wconf 90' lang='lat' dir='ltr'><strong>sine</strong></span> <span class='ocrx_word' id='word_1_238' title='bbox 2303 3544 2503 3608; x_wconf 85' lang='lat' dir='ltr'><strong>ullius</strong></span> 
     </span>
     <span class='ocr_line' id='line_1_31' title="bbox 268 3644 2504 3715; baseline -0 -3"><span class='ocrx_word' id='word_1_239' title='bbox 268 3664 461 3712; x_wconf 81' lang='lat' dir='ltr'><strong>noxa</strong></span> <span class='ocrx_word' id='word_1_240' title='bbox 481 3644 708 3710; x_wconf 82' lang='lat' dir='ltr'><strong>duxit.</strong></span> <span class='ocrx_word' id='word_1_241' title='bbox 755 3646 1111 3713; x_wconf 88' lang='lat' dir='ltr'><strong>Profectus</strong></span> <span class='ocrx_word' id='word_1_242' title='bbox 1135 3649 1293 3714; x_wconf 91' lang='lat' dir='ltr'><strong>inde</strong></span> <span class='ocrx_word' id='word_1_243' title='bbox 1311 3650 1377 3713; x_wconf 91' lang='lat' dir='ltr'><strong>in</strong></span> <span class='ocrx_word' id='word_1_244' title='bbox 1396 3650 1825 3714; x_wconf 87' lang='lat' dir='ltr'><strong>Bursaonum</strong></span> <span class='ocrx_word' id='word_1_245' title='bbox 1845 3656 1914 3714; x_wconf 92' lang='lat' dir='ltr'><strong>et</strong></span> <span class='ocrx_word' id='word_1_246' title='bbox 1934 3648 2504 3715; x_wconf 87' lang='lat' dir='ltr'><strong>Casuantinornm</strong></span> 
     </span>
     <span class='ocr_line' id='line_1_32' title="bbox 276 3747 2508 3830; baseline -0 -17"><span class='ocrx_word' id='word_1_247' title='bbox 276 3747 845 3827; x_wconf 75' lang='lat' dir='ltr'><strong>[Cascantinorum]</strong></span> <span class='ocrx_word' id='word_1_248' title='bbox 890 3756 957 3815; x_wconf 89' lang='lat' dir='ltr'><strong>et</strong></span> <span class='ocrx_word' id='word_1_249' title='bbox 1001 3748 1633 3817; x_wconf 85' lang='lat' dir='ltr'><strong>Graccuritanorum</strong></span> <span class='ocrx_word' id='word_1_250' title='bbox 1681 3752 1872 3830; x_wconf 88' lang='lat' dir='ltr'><strong>fines,</strong></span> <span class='ocrx_word' id='word_1_251' title='bbox 1915 3750 2244 3816; x_wconf 84' lang='lat' dir='ltr'><strong>evastatis</strong></span> <span class='ocrx_word' id='word_1_252' title='bbox 2296 3750 2508 3813; x_wconf 90' lang='lat' dir='ltr'><strong>omni-</strong></span> 
     </span>
     <span class='ocr_line' id='line_1_33' title="bbox 272 3850 2510 3939; baseline -0.001 -22"><span class='ocrx_word' id='word_1_253' title='bbox 272 3855 409 3917; x_wconf 86' lang='lat' dir='ltr'><strong>bus</strong></span> <span class='ocrx_word' id='word_1_254' title='bbox 446 3850 998 3937; x_wconf 85' lang='lat' dir='ltr'><strong>proculcatisque</strong></span> <span class='ocrx_word' id='word_1_255' title='bbox 1028 3856 1390 3938; x_wconf 84' lang='lat' dir='ltr'><strong>segetibus,</strong></span> <span class='ocrx_word' id='word_1_256' title='bbox 1422 3855 1509 3921; x_wconf 89' lang='lat' dir='ltr'><strong>ad</strong></span> <span class='ocrx_word' id='word_1_257' title='bbox 1547 3855 1934 3939; x_wconf 87' lang='lat' dir='ltr'><strong>Calagurim</strong></span> <span class='ocrx_word' id='word_1_258' title='bbox 1966 3852 2300 3919; x_wconf 87' lang='lat' dir='ltr'><strong>Nasicam</strong></span> <span class='ocrx_word' id='word_1_259' title='bbox 2333 3854 2510 3915; x_wconf 90' lang='lat' dir='ltr'><strong>soci-</strong></span> 
     </span>
     <span class='ocr_line' id='line_1_34' title="bbox 272 3954 2510 4043; baseline -0.001 -22"><span class='ocrx_word' id='word_1_260' title='bbox 272 3976 478 4021; x_wconf 87' lang='lat' dir='ltr'><strong>orum</strong></span> <span class='ocrx_word' id='word_1_261' title='bbox 531 3954 763 4018; x_wconf 86' lang='lat' dir='ltr'><strong>urbem</strong></span> <span class='ocrx_word' id='word_1_262' title='bbox 806 3954 1013 4035; x_wconf 86' lang='lat' dir='ltr'><strong>benit,</strong></span> <span class='ocrx_word' id='word_1_263' title='bbox 1048 3956 1265 4037; x_wconf 82' lang='lat' dir='ltr'><strong>[venit]</strong></span> <span class='ocrx_word' id='word_1_264' title='bbox 1300 3965 1886 4043; x_wconf 87' lang='lat' dir='ltr'><strong>transgressusque</strong></span> <span class='ocrx_word' id='word_1_265' title='bbox 1929 3975 2190 4021; x_wconf 88' lang='lat' dir='ltr'><strong>amnem</strong></span> <span class='ocrx_word' id='word_1_266' title='bbox 2237 3954 2510 4039; x_wconf 86' lang='lat' dir='ltr'><strong>propin-</strong></span> 
     </span>
     <span class='ocr_line' id='line_1_35' title="bbox 276 4056 1752 4145; baseline 0 -22"><span class='ocrx_word' id='word_1_267' title='bbox 276 4078 501 4143; x_wconf 81' lang='lat' dir='ltr'><strong>quum</strong></span> <span class='ocrx_word' id='word_1_268' title='bbox 532 4056 724 4136; x_wconf 91' lang='lat' dir='ltr'><strong>urbi;</strong></span> <span class='ocrx_word' id='word_1_269' title='bbox 770 4066 977 4143; x_wconf 88' lang='lat' dir='ltr'><strong>ponte</strong></span> <span class='ocrx_word' id='word_1_270' title='bbox 1006 4060 1219 4140; x_wconf 72' lang='lat' dir='ltr'><strong>facto,</strong></span> <span class='ocrx_word' id='word_1_271' title='bbox 1243 4069 1470 4127; x_wconf 86' lang='lat' dir='ltr'><strong>castra</strong></span> <span class='ocrx_word' id='word_1_272' title='bbox 1498 4061 1752 4145; x_wconf 86' lang='lat' dir='ltr'><strong>posuit.</strong></span> 
     </span>
    </p>

    <p class='ocr_par' dir='ltr' id='par_1_5' title="bbox 278 4156 2516 4455">
     <span class='ocr_line' id='line_1_36' title="bbox 366 4156 2510 4248; baseline -0 -23"><span class='ocrx_word' id='word_1_273' title='bbox 366 4160 663 4225; x_wconf 87' lang='lat' dir='ltr'><strong>Postero</strong></span> <span class='ocrx_word' id='word_1_274' title='bbox 692 4158 801 4223; x_wconf 88' lang='lat' dir='ltr'><strong>die</strong></span> <span class='ocrx_word' id='word_1_275' title='bbox 828 4160 930 4223; x_wconf 88' lang='grc' dir='ltr'><strong>Μ.</strong></span> <span class='ocrx_word' id='word_1_276' title='bbox 956 4160 1254 4229; x_wconf 87' lang='lat' dir='ltr'><strong>Masium</strong></span> <span class='ocrx_word' id='word_1_277' title='bbox 1281 4173 1686 4248; x_wconf 77' lang='lat' dir='ltr'><strong>quaestorem</strong></span> <span class='ocrx_word' id='word_1_278' title='bbox 1713 4164 1783 4228; x_wconf 89' lang='lat' dir='ltr'><strong>in</strong></span> <span class='ocrx_word' id='word_1_279' title='bbox 1809 4160 2116 4228; x_wconf 83' lang='lat' dir='ltr'><strong>Arvacos</strong></span> <span class='ocrx_word' id='word_1_280' title='bbox 2143 4156 2510 4237; x_wconf 77' lang='lat' dir='ltr'><strong>[Arevacos]</strong></span> 
     </span>
     <span class='ocr_line' id='line_1_37' title="bbox 278 4260 2512 4345; baseline -0.003 -17"><span class='ocrx_word' id='word_1_281' title='bbox 278 4272 351 4328; x_wconf 89' lang='lat' dir='ltr'><strong>et</strong></span> <span class='ocrx_word' id='word_1_282' title='bbox 396 4260 827 4327; x_wconf 88' lang='lat' dir='ltr'><strong>Cerindones</strong></span> <span class='ocrx_word' id='word_1_283' title='bbox 872 4262 1307 4345; x_wconf 82' lang='lat' dir='ltr'><strong>[Pelendones]</strong></span> <span class='ocrx_word' id='word_1_284' title='bbox 1354 4267 1539 4331; x_wconf 89' lang='lat' dir='ltr'><strong>misit</strong></span> <span class='ocrx_word' id='word_1_285' title='bbox 1582 4267 1670 4330; x_wconf 90' lang='lat' dir='ltr'><strong>ad</strong></span> <span class='ocrx_word' id='word_1_286' title='bbox 1717 4260 2247 4330; x_wconf 90' lang='lat' dir='ltr'><strong>conscribendos</strong></span> <span class='ocrx_word' id='word_1_287' title='bbox 2291 4280 2382 4325; x_wconf 88' lang='lat' dir='ltr'><strong>ex</strong></span> <span class='ocrx_word' id='word_1_288' title='bbox 2423 4260 2512 4322; x_wconf 91' lang='lat' dir='ltr'><strong>iis</strong></span> 
     </span>
     <span class='ocr_line' id='line_1_38' title="bbox 284 4360 2516 4455; baseline -0.002 -24"><span class='ocrx_word' id='word_1_289' title='bbox 284 4366 603 4450; x_wconf 83' lang='lat' dir='ltr'><strong>gentibus</strong></span> <span class='ocrx_word' id='word_1_290' title='bbox 636 4364 891 4429; x_wconf 86' lang='lat' dir='ltr'><strong>milites</strong></span> <span class='ocrx_word' id='word_1_291' title='bbox 924 4366 1470 4455; x_wconf 79' lang='lat' dir='ltr'><strong>frumentumque</strong></span> <span class='ocrx_word' id='word_1_292' title='bbox 1513 4369 1672 4434; x_wconf 89' lang='lat' dir='ltr'><strong>inde</strong></span> <span class='ocrx_word' id='word_1_293' title='bbox 1703 4367 2126 4434; x_wconf 89' lang='lat' dir='ltr'><strong>Contrebiam</strong></span> <span class='ocrx_word' id='word_1_294' title='bbox 2159 4360 2516 4442; x_wconf 81' lang='lat' dir='ltr'><strong>[Leucada</strong></span> 
     </span>
    </p>
   </div>
  </div>
 </body>
</html>
