3267 5250
664 573 675 584 .
778 515 955 586 ³922
1086 597 1091 600 ,
1556 608 1563 619 ·
1725 530 2077 582 aurona

776 680 1133 761 regnasset
1188 693 1407 742 annos
1456 674 1906 761 quadraginta
1929 683 1978 723 ¹³
2029 679 2339 762 quatuor.
2445 673 2619 743 Post
2668 675 2849 741 hunc
2903 674 2992 741 L.

777 779 1195 864 Tarquinius
1242 779 1609 864 Superbus,
1645 799 1868 866 neque
1915 787 2204 865 patrum,
2237 797 2456 865 neque
2489 779 2728 865 populi
2763 779 2996 864 jussu,

778 901 1049 965 regnum
1098 881 1387 949 invasit=
1431 900 1571 965 quo
1601 880 1712 945 die
1729 881 2070 955 *scelerata
2096 880 2329 947 Tullia
2353 901 2476 967 per
2506 883 2723 968 patris
2752 881 3000 966 jacen-

780 985 872 1050 tis
901 1003 1141 1070 corpus
1168 993 1557 1070 carpentum
1588 985 1750 1067 egit.
1839 984 2157 1050 Armatos
2188 985 2367 1050 circa
2395 1005 2473 1050 se
2503 985 2590 1052 ad
2615 983 3002 1052 custodiam
3056 1044 3065 1052 .

782 1088 1089 1172 corporis
1119 1088 1227 1152 sui
1256 1086 1514 1153 habuit.
1577 1087 1882 1152 Turnum
1923 1086 2337 1152 Herdonium
2366 1087 2606 1153 frande
2632 1087 2994 1154 interemit.

784 1184 1056 1258 Bellum
1084 1209 1237 1255 cum
1268 1189 1551 1256 Volscis
1591 1189 1850 1274 gessit3
1897 1194 1965 1254 et
2003 1207 2094 1254 ex
2139 1209 2372 1255 eorum
2401 1189 2636 1275 praeda
2666 1188 3002 1273 templum

783 1290 949 1359 Jovi
979 1293 1050 1356 in
1077 1291 1423 1376 Capitolio
1453 1291 1642 1380 fecit.
1730 1291 2086 1357 Terminus
2117 1300 2188 1358 et
2217 1288 2555 1358 Iuventas
2583 1310 2718 1357 non
2750 1291 3004 1358 addix-

784 1414 927 1460 ere:
954 1414 1235 1480 quorum
1259 1415 1393 1462 arae
1418 1396 1666 1461 moveri
1691 1414 1829 1461 non
1857 1400 2240 1479 potuerunt.
2330 1393 2492 1460 Filii
2515 1395 2685 1460 Sex.
2704 1395 3004 1478 Tarqui-

784 1497 881 1562 nii
906 1495 1002 1545 ¹4⁸
1032 1495 1189 1564 dolo
1236 1497 1499 1564 Gabios
1543 1499 1618 1563 in
1662 1504 2078 1584 potestatem
2129 1517 2320 1564 suam
2359 1497 2678 1580 redigit.¹⁵
2765 1495 3004 1581 Hujus

784 1598 945 1668 filiis
970 1599 1284 1685 Delphos
1332 1601 1681 1686 profectis,
1727 1608 1800 1668 et
1837 1601 2368 1682 consulentibus,
2411 1603 2567 1687 quis
2597 1621 2825 1668 eorum
2851 1593 3006 1683 reg-

784 1707 1061 1769 naturus
1120 1710 1298 1770 esset
1356 1703 1625 1786 Romae,
1687 1703 1942 1771 dictum
2002 1713 2132 1785 est,
2183 1725 2335 1770 eum
2387 1710 2828 1788 regnaturum,
2876 1703 3006 1789 qui

786 1807 1043 1890 primus
1062 1804 1114 1847 ¹⁶
1160 1814 1446 1872 matrem
1492 1808 1846 1873 osculatus
1893 1812 2094 1895 esset.
2181 1805 2389 1886 Quod
2420 1825 2814 1892 responsum
2843 1823 3005 1870 cum

785 1907 921 1994 ipsi
976 1909 1167 1974 aliter
1221 1910 1833 1996 interpretarentur,
1891 1909 2142 1976 Junius
2204 1911 2492 1989 Brutus,.
2536 1908 2654 1993 qui
2703 1925 2857 1973 cum
2907 1906 3005 1973 iis

788 2009 1130 2096 profectus
1168 2021 1336 2091 erat,
1367 2015 1758 2100 prolapsum
1787 2032 1862 2080 se
1891 2013 2253 2092 simulavit,
2281 2018 2350 2078 et
2380 2019 2622 2079 terram
2653 2009 3007 2077 osculatus

790 2119 921 2179 est.
1008 2112 1225 2199 quue
1271 2115 1525 2183 factum
1570 2118 1716 2202 ejus
1765 2123 2046 2183 eventus
2092 2117 2191 2182 rei
2241 2116 2725 2201 comprobavit.
2814 2113 3008 2180 Nam

790 2233 973 2296 cnm,
996 2217 1394 2301 impotenter
1420 2239 1495 2284 se
1523 2218 1832 2303 gerendo,
1854 2212 2268 2305 Tarquinius
2298 2218 2644 2303 Superbus
2674 2235 2901 2282 omnes
2929 2215 3009 2280 in

790 2315 1019 2383 odium
1064 2319 1173 2384 sui
1217 2319 1647 2402 adduxisset3
1704 2321 1796 2387 ad
1842 2321 2177 2399 ultimum,
2230 2327 2506 2407 propter
2551 2322 3008 2404 expugnatam

790 2425 1115 2486 nocturna
1140 2421 1211 2488 vi
1239 2443 1286 2489 a
1318 2421 1539 2489 Sexto
1585 2421 1732 2489 filio
1779 2422 1928 2508 ejus
1976 2422 2309 2489 Lucretiae
2355 2421 2752 2508 pudicitiam
2788 2418 3009 2506 (qum,

792 2527 1037 2588 vocato
1076 2529 1265 2609 patre
1295 2525 1383 2592 ad
1412 2546 1487 2591 se
1522 2525 1929 2612 Tricipitino
1959 2533 2024 2592 et
2053 2527 2194 2592 viro
2237 2523 2599 2603 Collatino,
2639 2523 3008 2602 obtestata,

792 2642 877 2689 ne
904 2623 1124 2694 inulta
1152 2648 1327 2695 mors
1356 2629 1509 2716 ejus
1539 2639 1752 2712 esset,
1788 2617 2004 2698 cultro
2051 2651 2128 2697 se
2167 2627 2533 2724 interemit)
2561 2628 2757 2695 Bruti
2801 2646 3015 2713 opera

792 2728 1089 2795 maxime
1114 2730 1439 2816 expulsus
1470 2739 1602 2813 est,
1625 2752 1781 2800 cum
1809 2740 2150 2817 regnasset
2179 2753 2393 2800 annos
2423 2733 2656 2817 viginti
2686 2732 3012 2816 quinque.

790 2828 987 2897 Tunc
1014 2835 1325 2900 consules
1368 2836 1658 2921 primum
1689 2838 1898 2903 creati
1945 2842 2098 2902 sunt
2144 2836 2226 2902 L.
2254 2836 2302 2903 J
2306 2837 2504 2903 unius
2535 2834 2790 2901 Brutus
2827 2838 2894 2898 et
2921 2830 3014 2901 1..

793 2930 1209 3019 Tarquinius
1236 2935 1648 3005 Collatinus.

1716 3104 1900 3128 0000ae
1904 3104 2082 3127 ‘Ome

797 3211 1125 3328 w
1159 3213 1393 3295 Gronov.
1418 3218 1577 3270 Crev.
1643 3218 1786 3299 Apte
1822 3222 2004 3301 Sigon.
2036 3221 2194 3286 vulgo
2232 3220 2490 3300 edebatur
2517 3219 2573 3270 ia
2593 3216 2837 3268 Aventino
2857 3212 3017 3289 secit-

796 3280 1766 3415 ⁸0...„²'⁶rn⁹a·‘::⁸·535.⁹²;-22‡;5.-20
1776 3281 3022 3415 maristra’ffzzaeffsffissffit:

800 3404 957 3458 em.
978 3408 1311 3463 stroth—1⁶
1332 3414 1554 3465 Pri-am
1586 3416 1821 3469 Gronov.
1843 3418 2059 3482 Donjat.
2080 3417 2237 3467 Orev.

1791 3590 2012 3643 NOTAE

862 3694 889 3730 ⁵
923 3693 1043 3746 θα·
1078 3694 1189 3761 [S]
1225 3698 1506 3767 Μῐίιέί]
1542 3700 1633 3753 Ita
1663 3702 1866 3755 mavult
1945 3703 2072 3753 tiam
2095 3702 2292 3752 artibus
2313 3700 2419 3752 suis
2440 3706 2522 3750 est
2541 3698 2856 3762 adeptu-,ut
2869 3690 3024 3744 ‘Noa-

800 3770 1062 3837 Sigonius,
1082 3788 1200 3824 enm
1232 3774 1287 3825 in
1312 3776 1573 3843 plerisque
1596 3776 1866 3831 codicibus
1933 3786 2032 3831 'ter
2047 3780 2083 3831 1.
2100 3795 2142 3831 r.
2163 3794 2282 3845 cap.
2303 3784 2388 3829 5⁴.
2407 3784 2693 3839 memorat;
2725 3772 2814 3825 sed
2839 3777 2894 3821 et
2911 3770 3029 3822 illia

802 3849 876 3900 alt
943 3849 1125 3901 Sam
1191 3852 1497 3917 Tamaniu.
1592 3854 1866 3906 Utrumvin
1949 3862 2137 3920 postea
2155 3870 2249 3905 rex
2283 3866 2316 3904 a
2337 3861 2486 3919 patre
2509 3850 2662 3902 datus
2683 3854 2784 3911 est,
2806 3844 3024 3909 Diony-

802 3924 1023 3989 ncribaa,
1050 3940 1230 3991 parum
1266 3927 1446 3981 refert.
1498 3930 1638 3981 Nam
1658 3940 1716 3983 et
1739 3932 1870 3983 Tar·
1947 3932 2026 3982 aio
2049 3924 2207 3983 iente.
2240 3931 2440 3981 Verum
2462 3929 2562 3979 boc
2587 3932 2902 3992 postremum
2923 3920 3027 3972 Li-

803 4002 1007 4065 quInius
1041 4011 1216 4069 pater,
1248 4004 1403 4057 Sexti
1430 4004 1525 4057 filii
1546 4022 1728 4072 opera,
1759 4008 1868 4061 Ga·
1948 4010 2062 4060 vius
2101 4008 2308 4059 omisitx
2363 4005 2501 4056 unde
2543 4002 2754 4053 videtur
2795 3998 2862 4049 ad
2895 3997 3026 4061 ejus

802 4074 919 4127 bion
954 4076 1199 4143 subegit:
1249 4088 1307 4132 et
1347 4081 1541 4133 Sextus
1584 4082 1721 4134 filius
1763 4100 1870 4136 non
1949 4094 2176 4136 mentem
2221 4082 2384 4149 magis
2431 4080 2684 4132 accedere
2736 4073 3028 4141 Sigoniana

802 4151 959 4203 nodo
978 4168 1231 4207 numam
1258 4158 1397 4233 apud
1426 4158 1660 4212 Gabinos
1682 4169 1871 4227 poten·
1948 4158 2264 4213 emendatio.
