<?xml version="1.0" encoding="UTF-8"?>
<!DOCTYPE html PUBLIC "-//W3C//DTD XHTML 1.0 Transitional//EN"
    "http://www.w3.org/TR/xhtml1/DTD/xhtml1-transitional.dtd">
<html xmlns="http://www.w3.org/1999/xhtml" xml:lang="en" lang="en">
 <head>
  <title>
</title>
<meta http-equiv="Content-Type" content="text/html;charset=utf-8" />
  <meta name='ocr-system' content='tesseract 3.04.00' />
  <meta name='ocr-capabilities' content='ocr_page ocr_carea ocr_par ocr_line ocrx_word'/>
</head>
<body>
  <div class='ocr_page' id='page_1' title='image "./tliviipatavinih30unkngoog_0017.png"; bbox 0 0 3267 5250; ppageno 0'>
   <div class='ocr_carea' id='block_1_1' title="bbox 1111 447 2451 516">
    <p class='ocr_par' dir='ltr' id='par_1_1' title="bbox 1111 447 2451 516">
     <span class='ocr_line' id='line_1_1' title="bbox 1111 447 2451 516; baseline 0.001 -3"><span class='ocrx_word' id='word_1_1' title='bbox 1111 463 1366 513; x_wconf 72' lang='lat' dir='ltr'>rmum</span> <span class='ocrx_word' id='word_1_2' title='bbox 1381 464 1608 512; x_wconf 70' lang='lat' dir='ltr'>nu‘rA.</span> <span class='ocrx_word' id='word_1_3' title='bbox 2278 447 2451 516; x_wconf 73' lang='grc'><strong>5911</strong></span> 
     </span>
    </p>
   </div>
   <div class='ocr_carea' id='block_1_2' title="bbox 231 609 2454 1342">
    <p class='ocr_par' dir='ltr' id='par_1_2' title="bbox 233 609 2454 1210">
     <span class='ocr_line' id='line_1_2' title="bbox 235 609 2449 696; baseline 0 -20"><span class='ocrx_word' id='word_1_4' title='bbox 235 610 538 676; x_wconf 82' lang='lat' dir='ltr'>minibus</span> <span class='ocrx_word' id='word_1_5' title='bbox 565 611 780 690; x_wconf 83' lang='lat' dir='ltr'>elisis,</span> <span class='ocrx_word' id='word_1_6' title='bbox 807 621 966 675; x_wconf 86' lang='lat' dir='ltr'>cum</span> <span class='ocrx_word' id='word_1_7' title='bbox 993 609 1272 676; x_wconf 84' lang='lat' dir='ltr'>telorum</span> <span class='ocrx_word' id='word_1_8' title='bbox 1297 609 1488 694; x_wconf 79' lang='lat' dir='ltr'>jactu</span> <span class='ocrx_word' id='word_1_9' title='bbox 1519 609 1843 695; x_wconf 83' lang='lat' dir='ltr'>perforari</span> <span class='ocrx_word' id='word_1_10' title='bbox 1871 610 2201 696; x_wconf 84' lang='lat' dir='ltr'>nequiret,</span> <span class='ocrx_word' id='word_1_11' title='bbox 2231 610 2317 676; x_wconf 80' lang='lat' dir='ltr'>ad</span> <span class='ocrx_word' id='word_1_12' title='bbox 2352 612 2449 676; x_wconf 88' lang='lat' dir='ltr'>ul-</span> 
     </span>
     <span class='ocr_line' id='line_1_3' title="bbox 235 712 2449 806; baseline 0.001 -28"><span class='ocrx_word' id='word_1_13' title='bbox 235 715 475 779; x_wconf 87' lang='lat' dir='ltr'>timum</span> <span class='ocrx_word' id='word_1_14' title='bbox 519 713 916 806; x_wconf 63' lang='lat' dir='ltr'>balistarum</span> <span class='ocrx_word' id='word_1_15' title='bbox 961 713 1307 778; x_wconf 82' lang='lat' dir='ltr'>tormentis</span> <span class='ocrx_word' id='word_1_16' title='bbox 1337 712 1638 797; x_wconf 88' lang='lat' dir='ltr'>undique</span> <span class='ocrx_word' id='word_1_17' title='bbox 1668 715 1979 798; x_wconf 78' lang='lat' dir='ltr'>petitam,</span> <span class='ocrx_word' id='word_1_18' title='bbox 2010 714 2277 780; x_wconf 90' lang='lat' dir='ltr'>silicum</span> <span class='ocrx_word' id='word_1_19' title='bbox 2308 735 2449 780; x_wconf 76' lang='lat' dir='ltr'>cre-</span> 
     </span>
     <span class='ocr_line' id='line_1_4' title="bbox 236 815 2454 902; baseline 0 -21"><span class='ocrx_word' id='word_1_20' title='bbox 236 817 380 882; x_wconf 81' lang='lat' dir='ltr'>bris</span> <span class='ocrx_word' id='word_1_21' title='bbox 425 821 495 881; x_wconf 91' lang='lat' dir='ltr'>et</span> <span class='ocrx_word' id='word_1_22' title='bbox 534 815 938 900; x_wconf 81' lang='lat' dir='ltr'>ponderosis</span> <span class='ocrx_word' id='word_1_23' title='bbox 966 816 1356 881; x_wconf 82' lang='lat' dir='ltr'>verberibus</span> <span class='ocrx_word' id='word_1_24' title='bbox 1385 817 1865 901; x_wconf 78' lang='lat' dir='ltr'><strong>procubuisse,</strong></span> <span class='ocrx_word' id='word_1_25' title='bbox 1895 819 2347 902; x_wconf 84' lang='lat' dir='ltr'>omnibusque</span> <span class='ocrx_word' id='word_1_26' title='bbox 2381 823 2454 883; x_wconf 89' lang='lat' dir='ltr'>et</span> 
     </span>
     <span class='ocr_line' id='line_1_5' title="bbox 235 918 2449 1004; baseline 0 -20"><span class='ocrx_word' id='word_1_27' title='bbox 235 918 628 985; x_wconf 82' lang='lat' dir='ltr'><strong>cohortibus</strong></span> <span class='ocrx_word' id='word_1_28' title='bbox 671 926 742 984; x_wconf 91' lang='lat' dir='ltr'>et</span> <span class='ocrx_word' id='word_1_29' title='bbox 788 919 1170 1001; x_wconf 76' lang='lat' dir='ltr'>legionibus</span> <span class='ocrx_word' id='word_1_30' title='bbox 1221 921 1377 1004; x_wconf 81' lang='lat' dir='ltr'>ipsa</span> <span class='ocrx_word' id='word_1_31' title='bbox 1422 920 1827 1002; x_wconf 81' lang='lat' dir='ltr'>Carthagine</span> <span class='ocrx_word' id='word_1_32' title='bbox 1875 922 2089 984; x_wconf 80' lang='lat' dir='ltr'>visam</span> <span class='ocrx_word' id='word_1_33' title='bbox 2141 920 2449 986; x_wconf 87' lang='lat' dir='ltr'>terribili-</span> 
     </span>
     <span class='ocr_line' id='line_1_6' title="bbox 233 1021 2451 1108; baseline 0 -21"><span class='ocrx_word' id='word_1_34' title='bbox 233 1041 438 1089; x_wconf 85' lang='lat' dir='ltr'>orem.</span> <span class='ocrx_word' id='word_1_35' title='bbox 522 1021 752 1108; x_wconf 80' lang='lat' dir='ltr'><strong>Atque</strong></span> <span class='ocrx_word' id='word_1_36' title='bbox 795 1023 1003 1088; x_wconf 84' lang='lat' dir='ltr'>etiam</span> <span class='ocrx_word' id='word_1_37' title='bbox 1049 1042 1280 1088; x_wconf 87' lang='lat' dir='ltr'>cruore</span> <span class='ocrx_word' id='word_1_38' title='bbox 1311 1043 1439 1089; x_wconf 87' lang='lat' dir='ltr'>suo</span> <span class='ocrx_word' id='word_1_39' title='bbox 1467 1024 1837 1106; x_wconf 83' lang='lat' dir='ltr'>gurgitibus</span> <span class='ocrx_word' id='word_1_40' title='bbox 1868 1022 2171 1101; x_wconf 81' lang='lat' dir='ltr'>imbutis,</span> <span class='ocrx_word' id='word_1_41' title='bbox 2207 1043 2451 1106; x_wconf 88' lang='lat' dir='ltr'>corpo-</span> 
     </span>
     <span class='ocr_line' id='line_1_7' title="bbox 233 1123 2449 1210; baseline 0 -22"><span class='ocrx_word' id='word_1_42' title='bbox 233 1126 464 1209; x_wconf 84' lang='lat' dir='ltr'>risque</span> <span class='ocrx_word' id='word_1_43' title='bbox 497 1125 794 1209; x_wconf 81' lang='lat' dir='ltr'>jacentis</span> <span class='ocrx_word' id='word_1_44' title='bbox 825 1125 1146 1210; x_wconf 85' lang='lat' dir='ltr'>pestifero</span> <span class='ocrx_word' id='word_1_45' title='bbox 1172 1126 1404 1192; x_wconf 81' lang='lat' dir='ltr'>afflatu</span> <span class='ocrx_word' id='word_1_46' title='bbox 1439 1127 1662 1192; x_wconf 79' lang='lat' dir='ltr'>vicina</span> <span class='ocrx_word' id='word_1_47' title='bbox 1692 1127 1956 1208; x_wconf 83' lang='lat' dir='ltr'>regione</span> <span class='ocrx_word' id='word_1_48' title='bbox 1988 1127 2273 1210; x_wconf 80' lang='lat' dir='ltr'>polluta,</span> <span class='ocrx_word' id='word_1_49' title='bbox 2308 1123 2449 1189; x_wconf 84' lang='lat' dir='ltr'>Ro-</span> 
     </span>
    </p>

    <p class='ocr_par' dir='ltr' id='par_1_3' title="bbox 231 1229 2450 1342">
     <span class='ocr_line' id='line_1_8' title="bbox 231 1229 2450 1342; baseline 0.001 -51"><span class='ocrx_word' id='word_1_50' title='bbox 231 1247 437 1292; x_wconf 80' lang='lat' dir='ltr'>mana</span> <span class='ocrx_word' id='word_1_51' title='bbox 463 1229 622 1293; x_wconf 87' lang='lat' dir='ltr'>inde</span> <span class='ocrx_word' id='word_1_52' title='bbox 649 1229 1096 1294; x_wconf 84' lang='lat' dir='ltr'>summovisse</span> <span class='ocrx_word' id='word_1_53' title='bbox 1128 1236 1370 1294; x_wconf 80' lang='lat' dir='ltr'>castra.</span> <span class='ocrx_word' id='word_1_54' title='bbox 1458 1229 1653 1295; x_wconf 87' lang='lat' dir='ltr'>Dicit</span> <span class='ocrx_word' id='word_1_55' title='bbox 1683 1230 1927 1296; x_wconf 80' lang='lat' dir='ltr'>belluae</span> <span class='ocrx_word' id='word_1_56' title='bbox 1956 1229 2159 1294; x_wconf 83' lang='lat' dir='ltr'>etiam</span> <span class='ocrx_word' id='word_1_57' title='bbox 2187 1229 2450 1342; x_wconf 82' lang='lat' dir='ltr'>corium</span> 
     </span>
    </p>
   </div>
   <div class='ocr_carea' id='block_1_3' title="bbox 231 1332 2037 1496">
    <p class='ocr_par' dir='ltr' id='par_1_4' title="bbox 231 1332 2037 1495">
     <span class='ocr_line' id='line_1_9' title="bbox 231 1332 2037 1417; baseline 0.001 -23"><span class='ocrx_word' id='word_1_58' title='bbox 231 1337 512 1396; x_wconf 89' lang='lat' dir='ltr'>centum</span> <span class='ocrx_word' id='word_1_59' title='bbox 541 1332 776 1415; x_wconf 82' lang='lat' dir='ltr'>viginti</span> <span class='ocrx_word' id='word_1_60' title='bbox 806 1332 1020 1416; x_wconf 86' lang='lat' dir='ltr'>pedes</span> <span class='ocrx_word' id='word_1_61' title='bbox 1051 1333 1373 1417; x_wconf 85' lang='lat' dir='ltr'>longum</span> <span class='ocrx_word' id='word_1_62' title='bbox 1355 1353 1423 1400; x_wconf 85' lang='lat' dir='ltr'>m</span> <span class='ocrx_word' id='word_1_63' title='bbox 1453 1332 1707 1399; x_wconf 85' lang='lat' dir='ltr'>Urbem</span> <span class='ocrx_word' id='word_1_64' title='bbox 1737 1333 2037 1398; x_wconf 85' lang='lat' dir='ltr'>missum.</span> 
     </span>
     <span class='ocr_line' id='line_1_10' title="bbox 315 1431 1184 1496; baseline 0.002 -3"><span class='ocrx_word' id='word_1_65' title='bbox 315 1431 530 1494; x_wconf 73' lang='lat' dir='ltr'>Valet.</span> <span class='ocrx_word' id='word_1_66' title='bbox 559 1432 738 1494; x_wconf 76' lang='lat' dir='ltr'><strong>Max.</strong></span> <span class='ocrx_word' id='word_1_67' title='bbox 769 1449 815 1494; x_wconf 87' lang='lat'>1.</span> <span class='ocrx_word' id='word_1_68' title='bbox 843 1441 904 1495; x_wconf 87' lang='lat'>8.</span> <span class='ocrx_word' id='word_1_69' title='bbox 931 1442 1054 1496; x_wconf 82' lang='lat' dir='ltr'>ext.</span> <span class='ocrx_word' id='word_1_70' title='bbox 1087 1441 1184 1496; x_wconf 84' lang='lat'>19.</span> 
     </span>
    </p>
   </div>
   <div class='ocr_carea' id='block_1_4' title="bbox 1075 1633 1605 1684">
    <p class='ocr_par' dir='ltr' id='par_1_5' title="bbox 1075 1633 1605 1684">
     <span class='ocr_line' id='line_1_11' title="bbox 1075 1633 1605 1684; baseline -0.004 -2"><span class='ocrx_word' id='word_1_71' title='bbox 1075 1634 1180 1682; x_wconf 79' lang='lat' dir='ltr'>AD</span> <span class='ocrx_word' id='word_1_72' title='bbox 1229 1633 1380 1684; x_wconf 65' lang='lat'>12113.</span> <span class='ocrx_word' id='word_1_73' title='bbox 1429 1633 1605 1682; x_wconf 81' lang='lat' dir='ltr'>XlX.</span> 
     </span>
    </p>
   </div>
   <div class='ocr_carea' id='block_1_5' title="bbox 322 1767 2452 1852">
    <p class='ocr_par' dir='ltr' id='par_1_6' title="bbox 322 1767 2452 1852">
     <span class='ocr_line' id='line_1_12' title="bbox 322 1767 2452 1852; baseline -0.001 -18"><span class='ocrx_word' id='word_1_74' title='bbox 322 1769 534 1835; x_wconf 84' lang='lat' dir='ltr'>Tertii</span> <span class='ocrx_word' id='word_1_75' title='bbox 561 1769 718 1838; x_wconf 80' lang='lat' dir='ltr'>,ludi</span> <span class='ocrx_word' id='word_1_76' title='bbox 771 1769 1132 1835; x_wconf 72' lang='lat' dir='ltr'>saeculares</span> <span class='ocrx_word' id='word_1_77' title='bbox 1163 1767 1449 1847; x_wconf 85' lang='lat' dir='ltr'>fuerunt,</span> <span class='ocrx_word' id='word_1_78' title='bbox 1483 1767 1758 1834; x_wconf 80' lang='lat' dir='ltr'>Antiate</span> <span class='ocrx_word' id='word_1_79' title='bbox 1788 1768 2127 1852; x_wconf 87' lang='lat' dir='ltr'>Livioque</span> <span class='ocrx_word' id='word_1_80' title='bbox 2158 1767 2452 1833; x_wconf 80' lang='lat' dir='ltr'>auctori-</span> 
     </span>
    </p>
   </div>
   <div class='ocr_carea' id='block_1_6' title="bbox 229 1869 2301 2060">
    <p class='ocr_par' dir='ltr' id='par_1_7' title="bbox 229 1869 2301 2060">
     <span class='ocr_line' id='line_1_13' title="bbox 229 1869 2289 1966; baseline -0.002 -28"><span class='ocrx_word' id='word_1_81' title='bbox 229 1875 390 1950; x_wconf 74' lang='lat' dir='ltr'>bn3‚</span> <span class='ocrx_word' id='word_1_82' title='bbox 421 1871 506 1936; x_wconf 91' lang='lat' dir='ltr'>P.</span> <span class='ocrx_word' id='word_1_83' title='bbox 537 1873 829 1938; x_wconf 83' lang='lat' dir='ltr'>Claudio</span> <span class='ocrx_word' id='word_1_84' title='bbox 860 1871 1150 1936; x_wconf 89' lang='lat' dir='ltr'>Pulchro</span> <span class='ocrx_word' id='word_1_85' title='bbox 1181 1877 1252 1936; x_wconf 89' lang='lat' dir='ltr'>et</span> <span class='ocrx_word' id='word_1_86' title='bbox 1281 1869 1363 1936; x_wconf 85' lang='lat' dir='ltr'>C.</span> <span class='ocrx_word' id='word_1_87' title='bbox 1391 1871 1436 1936; x_wconf 84' lang='lat' dir='ltr'><strong>J</strong></span> <span class='ocrx_word' id='word_1_88' title='bbox 1443 1873 1596 1936; x_wconf 93' lang='lat' dir='ltr'>unio</span> <span class='ocrx_word' id='word_1_89' title='bbox 1625 1871 1832 1937; x_wconf 89' lang='lat' dir='ltr'>Pullo</span> <span class='ocrx_word' id='word_1_90' title='bbox 1862 1871 2289 1966; x_wconf 34' lang='lat' dir='ltr'>consulibuss</span> 
     </span>
     <span class='ocr_line' id='line_1_14' title="bbox 318 1971 2301 2060; baseline -0.001 -26"><span class='ocrx_word' id='word_1_91' title='bbox 318 1973 626 2034; x_wconf 77' lang='lat' dir='ltr'>censorin.</span> <span class='ocrx_word' id='word_1_92' title='bbox 653 1973 730 2034; x_wconf 87' lang='lat' dir='ltr'>de</span> <span class='ocrx_word' id='word_1_93' title='bbox 759 1971 882 2032; x_wconf 88' lang='lat' dir='ltr'>Die</span> <span class='ocrx_word' id='word_1_94' title='bbox 908 1971 1065 2033; x_wconf 77' lang='lat' dir='ltr'>Nat.</span> <span class='ocrx_word' id='word_1_95' title='bbox 1091 1993 1146 2032; x_wconf 85' lang='lat' dir='ltr'>c.</span> <span class='ocrx_word' id='word_1_96' title='bbox 1181 1979 1274 2036; x_wconf 80' lang='lat'>17.</span> <span class='ocrx_word' id='word_1_97' title='bbox 1322 1972 1422 2033; x_wconf 83' lang='lat' dir='ltr'>cf.</span> <span class='ocrx_word' id='word_1_98' title='bbox 1453 1973 1726 2034; x_wconf 82' lang='lat' dir='ltr'>Freinsh.</span> <span class='ocrx_word' id='word_1_99' title='bbox 1768 1973 1987 2060; x_wconf 84' lang='lat' dir='ltr'>Suppl.</span> <span class='ocrx_word' id='word_1_100' title='bbox 2015 1989 2171 2034; x_wconf 78' lang='lat' dir='ltr'>xrx.</span> <span class='ocrx_word' id='word_1_101' title='bbox 2202 1980 2301 2033; x_wconf 79' lang='lat'>31.</span> 
     </span>
    </p>
   </div>
   <div class='ocr_carea' id='block_1_7' title="bbox 225 2070 2453 2562">
    <p class='ocr_par' dir='ltr' id='par_1_8' title="bbox 225 2070 2453 2562">
     <span class='ocr_line' id='line_1_15' title="bbox 323 2070 2451 2158; baseline -0 -21"><span class='ocrx_word' id='word_1_102' title='bbox 323 2071 450 2137; x_wconf 88' lang='lat' dir='ltr'>Est</span> <span class='ocrx_word' id='word_1_103' title='bbox 489 2073 561 2137; x_wconf 89' lang='lat' dir='ltr'>in</span> <span class='ocrx_word' id='word_1_104' title='bbox 605 2071 828 2150; x_wconf 83' lang='lat' dir='ltr'>Livio,</span> <span class='ocrx_word' id='word_1_105' title='bbox 857 2072 1062 2158; x_wconf 85' lang='lat' dir='ltr'>quod,</span> <span class='ocrx_word' id='word_1_106' title='bbox 1091 2093 1246 2137; x_wconf 91' lang='lat' dir='ltr'>cum</span> <span class='ocrx_word' id='word_1_107' title='bbox 1275 2073 1546 2156; x_wconf 82' lang='lat' dir='ltr'>quidam</span> <span class='ocrx_word' id='word_1_108' title='bbox 1578 2073 1871 2156; x_wconf 86' lang='lat' dir='ltr'>cupidus</span> <span class='ocrx_word' id='word_1_109' title='bbox 1903 2073 2063 2136; x_wconf 86' lang='lat' dir='ltr'>belli</span> <span class='ocrx_word' id='word_1_110' title='bbox 2095 2070 2364 2156; x_wconf 87' lang='lat' dir='ltr'>gerendi</span> <span class='ocrx_word' id='word_1_111' title='bbox 2408 2089 2451 2136; x_wconf 82' lang='lat' dir='ltr'><strong>a</strong></span> 
     </span>
     <span class='ocr_line' id='line_1_16' title="bbox 225 2171 2450 2260; baseline -0.001 -20"><span class='ocrx_word' id='word_1_112' title='bbox 225 2176 507 2240; x_wconf 77' lang='lat' dir='ltr'>tribuno</span> <span class='ocrx_word' id='word_1_113' title='bbox 537 2175 758 2260; x_wconf 85' lang='lat' dir='ltr'>plebis</span> <span class='ocrx_word' id='word_1_114' title='bbox 793 2181 1150 2252; x_wconf 82' lang='lat' dir='ltr'>arceretur,</span> <span class='ocrx_word' id='word_1_115' title='bbox 1181 2195 1268 2239; x_wconf 89' lang='lat' dir='ltr'>ne</span> <span class='ocrx_word' id='word_1_116' title='bbox 1297 2175 1451 2253; x_wconf 88' lang='lat' dir='ltr'>iret,</span> <span class='ocrx_word' id='word_1_117' title='bbox 1481 2174 1713 2259; x_wconf 86' lang='lat' dir='ltr'>pullos</span> <span class='ocrx_word' id='word_1_118' title='bbox 1744 2175 1955 2259; x_wconf 86' lang='lat' dir='ltr'>jussit</span> <span class='ocrx_word' id='word_1_119' title='bbox 1983 2175 2220 2240; x_wconf 86' lang='lat' dir='ltr'>afferri.</span> <span class='ocrx_word' id='word_1_120' title='bbox 2242 2174 2257 2184; x_wconf 85' lang='lat'><strong>&#39;</strong></span> <span class='ocrx_word' id='word_1_121' title='bbox 2308 2171 2450 2252; x_wconf 80' lang='lat' dir='ltr'>Qui</span> 
     </span>
     <span class='ocr_line' id='line_1_17' title="bbox 231 2276 2451 2371; baseline -0.002 -28"><span class='ocrx_word' id='word_1_122' title='bbox 231 2297 392 2371; x_wconf 82' lang='lat' dir='ltr'>cum</span> <span class='ocrx_word' id='word_1_123' title='bbox 435 2278 684 2342; x_wconf 83' lang='lat' dir='ltr'>missas</span> <span class='ocrx_word' id='word_1_124' title='bbox 723 2297 863 2342; x_wconf 89' lang='lat' dir='ltr'>non</span> <span class='ocrx_word' id='word_1_125' title='bbox 901 2276 1175 2343; x_wconf 85' lang='lat' dir='ltr'>ederent</span> <span class='ocrx_word' id='word_1_126' title='bbox 1217 2277 1469 2360; x_wconf 61' lang='lat' dir='ltr'>stegen,</span> <span class='ocrx_word' id='word_1_127' title='bbox 1503 2277 1785 2342; x_wconf 86' lang='lat' dir='ltr'>irridens</span> <span class='ocrx_word' id='word_1_128' title='bbox 1825 2277 2061 2343; x_wconf 87' lang='lat' dir='ltr'>consul</span> <span class='ocrx_word' id='word_1_129' title='bbox 2095 2277 2451 2360; x_wconf 80' lang='lat' dir='ltr'>augurium</span> 
     </span>
     <span class='ocr_line' id='line_1_18' title="bbox 231 2377 2453 2466; baseline -0 -20"><span class='ocrx_word' id='word_1_130' title='bbox 231 2383 356 2461; x_wconf 81' lang='lat' dir='ltr'>nit,</span> <span class='ocrx_word' id='word_1_131' title='bbox 401 2377 513 2445; x_wconf 80' lang='lat' dir='ltr'>Vel</span> <span class='ocrx_word' id='word_1_132' title='bbox 549 2379 794 2460; x_wconf 81' lang='lat' dir='ltr'>bibant,</span> <span class='ocrx_word' id='word_1_133' title='bbox 822 2387 892 2446; x_wconf 89' lang='lat' dir='ltr'>et</span> <span class='ocrx_word' id='word_1_134' title='bbox 929 2401 1048 2446; x_wconf 87' lang='lat' dir='ltr'>eos</span> <span class='ocrx_word' id='word_1_135' title='bbox 1073 2382 1144 2445; x_wconf 91' lang='lat' dir='ltr'>in</span> <span class='ocrx_word' id='word_1_136' title='bbox 1171 2382 1468 2447; x_wconf 88' lang='lat' dir='ltr'>Tiberim</span> <span class='ocrx_word' id='word_1_137' title='bbox 1501 2380 1977 2466; x_wconf 73' lang='lat' dir='ltr'>praecipitavit.</span> <span class='ocrx_word' id='word_1_138' title='bbox 2066 2379 2235 2446; x_wconf 89' lang='lat' dir='ltr'>Inde</span> <span class='ocrx_word' id='word_1_139' title='bbox 2264 2382 2453 2445; x_wconf 83' lang='lat' dir='ltr'>navi·</span> 
     </span>
     <span class='ocr_line' id='line_1_19' title="bbox 231 2484 2448 2562; baseline -0.001 -12"><span class='ocrx_word' id='word_1_140' title='bbox 231 2487 367 2550; x_wconf 84' lang='lat' dir='ltr'>bus</span> <span class='ocrx_word' id='word_1_141' title='bbox 419 2486 634 2550; x_wconf 82' lang='lat' dir='ltr'>victor</span> <span class='ocrx_word' id='word_1_142' title='bbox 685 2491 1032 2550; x_wconf 83' lang='lat' dir='ltr'>revertens</span> <span class='ocrx_word' id='word_1_143' title='bbox 1084 2484 1170 2550; x_wconf 80' lang='lat' dir='ltr'>ad</span> <span class='ocrx_word' id='word_1_144' title='bbox 1221 2484 1528 2550; x_wconf 82' lang='lat' dir='ltr'>Africam</span> <span class='ocrx_word' id='word_1_145' title='bbox 1581 2485 1651 2548; x_wconf 90' lang='lat' dir='ltr'>in</span> <span class='ocrx_word' id='word_1_146' title='bbox 1696 2485 1863 2549; x_wconf 83' lang='lat' dir='ltr'>mari</span> <span class='ocrx_word' id='word_1_147' title='bbox 1906 2503 2061 2548; x_wconf 87' lang='lat' dir='ltr'>cum</span> <span class='ocrx_word' id='word_1_148' title='bbox 2105 2485 2448 2562; x_wconf 73' lang='lat' dir='ltr'>omnibuS,</span> 
     </span>
    </p>
   </div>
   <div class='ocr_carea' id='block_1_8' title="bbox 231 2586 2451 3161">
    <p class='ocr_par' dir='ltr' id='par_1_9' title="bbox 233 2586 1290 2673">
     <span class='ocr_line' id='line_1_20' title="bbox 233 2586 1290 2673; baseline -0.001 -20"><span class='ocrx_word' id='word_1_149' title='bbox 233 2604 420 2673; x_wconf 84' lang='lat' dir='ltr'>quos</span> <span class='ocrx_word' id='word_1_150' title='bbox 445 2586 762 2667; x_wconf 84' lang='lat' dir='ltr'>ducebat,</span> <span class='ocrx_word' id='word_1_151' title='bbox 793 2589 1132 2654; x_wconf 82' lang='lat' dir='ltr'>extinctus</span> <span class='ocrx_word' id='word_1_152' title='bbox 1163 2594 1290 2653; x_wconf 86' lang='lat' dir='ltr'>est.</span> 
     </span>
    </p>

    <p class='ocr_par' dir='ltr' id='par_1_10' title="bbox 231 2687 2451 3161">
     <span class='ocr_line' id='line_1_21' title="bbox 319 2687 2451 2770; baseline -0.002 -19"><span class='ocrx_word' id='word_1_153' title='bbox 319 2690 491 2751; x_wconf 81' lang='lat' dir='ltr'>Serv.</span> <span class='ocrx_word' id='word_1_154' title='bbox 517 2690 596 2751; x_wconf 77' lang='lat' dir='ltr'>ad</span> <span class='ocrx_word' id='word_1_155' title='bbox 623 2690 800 2770; x_wconf 87' lang='lat' dir='ltr'>Virg.</span> <span class='ocrx_word' id='word_1_156' title='bbox 822 2690 960 2750; x_wconf 86' lang='lat' dir='ltr'>AEn.</span> <span class='ocrx_word' id='word_1_157' title='bbox 981 2706 1077 2750; x_wconf 82' lang='lat' dir='ltr'>vr.</span> <span class='ocrx_word' id='word_1_158' title='bbox 1105 2697 1246 2751; x_wconf 84' lang='lat'>198.</span> <span class='ocrx_word' id='word_1_159' title='bbox 1300 2688 1446 2751; x_wconf 90' lang='lat' dir='ltr'>Hoc</span> <span class='ocrx_word' id='word_1_160' title='bbox 1467 2689 1546 2750; x_wconf 78' lang='lat' dir='ltr'>ed</span> <span class='ocrx_word' id='word_1_161' title='bbox 1571 2688 1895 2749; x_wconf 77' lang='lat' dir='ltr'>Claudium</span> <span class='ocrx_word' id='word_1_162' title='bbox 1918 2687 2255 2748; x_wconf 86' lang='lat' dir='ltr'>Pulchrum</span> <span class='ocrx_word' id='word_1_163' title='bbox 2282 2706 2451 2768; x_wconf 82' lang='lat' dir='ltr'>spec-</span> 
     </span>
     <span class='ocr_line' id='line_1_22' title="bbox 231 2784 2448 2865; baseline -0.001 -15"><span class='ocrx_word' id='word_1_164' title='bbox 231 2798 388 2861; x_wconf 68' lang='lat' dir='ltr'>tare,</span> <span class='ocrx_word' id='word_1_165' title='bbox 431 2788 538 2849; x_wconf 86' lang='lat' dir='ltr'>sed</span> <span class='ocrx_word' id='word_1_166' title='bbox 562 2789 642 2849; x_wconf 77' lang='lat' dir='ltr'>ab</span> <span class='ocrx_word' id='word_1_167' title='bbox 667 2790 804 2850; x_wconf 76' lang='lat' dir='ltr'>aliis</span> <span class='ocrx_word' id='word_1_168' title='bbox 836 2789 1010 2849; x_wconf 77' lang='lat' dir='ltr'>aliter</span> <span class='ocrx_word' id='word_1_169' title='bbox 1035 2789 1282 2859; x_wconf 76' lang='lat' dir='ltr'>narrari,</span> <span class='ocrx_word' id='word_1_170' title='bbox 1319 2797 1520 2848; x_wconf 89' lang='lat' dir='ltr'>monet</span> <span class='ocrx_word' id='word_1_171' title='bbox 1544 2788 1628 2846; x_wconf 87' lang='lat' dir='ltr'>ibi</span> <span class='ocrx_word' id='word_1_172' title='bbox 1661 2786 1869 2846; x_wconf 89' lang='lat' dir='ltr'>Burm.</span> <span class='ocrx_word' id='word_1_173' title='bbox 1928 2784 2029 2845; x_wconf 83' lang='lat' dir='ltr'>Cf.</span> <span class='ocrx_word' id='word_1_174' title='bbox 2058 2786 2247 2865; x_wconf 84' lang='lat' dir='ltr'>intpp.</span> <span class='ocrx_word' id='word_1_175' title='bbox 2278 2784 2448 2848; x_wconf 88' lang='lat' dir='ltr'>Suet.</span> 
     </span>
     <span class='ocr_line' id='line_1_23' title="bbox 231 2881 2449 2963; baseline -0.002 -17"><span class='ocrx_word' id='word_1_176' title='bbox 231 2886 374 2948; x_wconf 84' lang='lat' dir='ltr'>Tib.</span> <span class='ocrx_word' id='word_1_177' title='bbox 403 2894 462 2948; x_wconf 80' lang='lat'>2.</span> <span class='ocrx_word' id='word_1_178' title='bbox 494 2896 560 2947; x_wconf 87' lang='lat' dir='ltr'>et</span> <span class='ocrx_word' id='word_1_179' title='bbox 584 2884 821 2947; x_wconf 87' lang='lat' dir='ltr'>Duker.</span> <span class='ocrx_word' id='word_1_180' title='bbox 842 2885 922 2947; x_wconf 77' lang='lat' dir='ltr'>ad</span> <span class='ocrx_word' id='word_1_181' title='bbox 945 2885 1104 2945; x_wconf 87' lang='lat' dir='ltr'>Flor.</span> <span class='ocrx_word' id='word_1_182' title='bbox 1141 2901 1219 2945; x_wconf 89' lang='lat'>11.</span> <span class='ocrx_word' id='word_1_183' title='bbox 1247 2892 1308 2945; x_wconf 79' lang='lat'>2.</span> <span class='ocrx_word' id='word_1_184' title='bbox 1339 2892 1442 2946; x_wconf 81' lang='lat'>29.</span> <span class='ocrx_word' id='word_1_185' title='bbox 1467 2886 1568 2945; x_wconf 89' lang='lat' dir='ltr'>cui</span> <span class='ocrx_word' id='word_1_186' title='bbox 1594 2893 1785 2944; x_wconf 86' lang='lat' dir='ltr'>totum</span> <span class='ocrx_word' id='word_1_187' title='bbox 1812 2885 1947 2954; x_wconf 90' lang='lat' dir='ltr'>hoc,</span> <span class='ocrx_word' id='word_1_188' title='bbox 1976 2881 2140 2963; x_wconf 87' lang='lat' dir='ltr'>quod</span> <span class='ocrx_word' id='word_1_189' title='bbox 2166 2902 2243 2942; x_wconf 83' lang='lat' dir='ltr'>ex</span> <span class='ocrx_word' id='word_1_190' title='bbox 2276 2881 2449 2943; x_wconf 84' lang='lat' dir='ltr'>Livio</span> 
     </span>
     <span class='ocr_line' id='line_1_24' title="bbox 231 2970 2450 3064; baseline -0.003 -20"><span class='ocrx_word' id='word_1_191' title='bbox 231 2984 416 3045; x_wconf 83' lang='lat' dir='ltr'>refert</span> <span class='ocrx_word' id='word_1_192' title='bbox 441 2984 707 3055; x_wconf 69' lang='lat' dir='ltr'>Servitia,</span> <span class='ocrx_word' id='word_1_193' title='bbox 753 2992 1090 3064; x_wconf 77' lang='lat' dir='ltr'>suspectum</span> <span class='ocrx_word' id='word_1_194' title='bbox 1129 2970 1467 3055; x_wconf 74' lang='lat' dir='ltr'>videbatur,</span> <span class='ocrx_word' id='word_1_195' title='bbox 1505 2980 1896 3063; x_wconf 58' lang='lat' dir='ltr'>tanquamjex</span> <span class='ocrx_word' id='word_1_196' title='bbox 1924 2978 2171 3042; x_wconf 76' lang='lat' dir='ltr'>Claudii</span> <span class='ocrx_word' id='word_1_197' title='bbox 2200 2978 2450 3039; x_wconf 84' lang='lat' dir='ltr'>Pulchri</span> 
     </span>
     <span class='ocr_line' id='line_1_25' title="bbox 233 3078 1459 3161; baseline -0.002 -20"><span class='ocrx_word' id='word_1_198' title='bbox 233 3083 484 3143; x_wconf 76' lang='lat' dir='ltr'>historia</span> <span class='ocrx_word' id='word_1_199' title='bbox 509 3080 738 3154; x_wconf 88' lang='lat' dir='ltr'>fictum,</span> <span class='ocrx_word' id='word_1_200' title='bbox 773 3080 870 3143; x_wconf 79' lang='lat' dir='ltr'>vel</span> <span class='ocrx_word' id='word_1_201' title='bbox 897 3078 1055 3141; x_wconf 78' lang='lat' dir='ltr'>male</span> <span class='ocrx_word' id='word_1_202' title='bbox 1079 3079 1459 3161; x_wconf 85' lang='lat' dir='ltr'>descriptum.</span> 
     </span>
    </p>
   </div>
   <div class='ocr_carea' id='block_1_9' title="bbox 1049 3276 1626 3329">
    <p class='ocr_par' dir='ltr' id='par_1_11' title="bbox 1049 3276 1626 3329">
     <span class='ocr_line' id='line_1_26' title="bbox 1049 3276 1626 3329; baseline -0.007 0"><span class='ocrx_word' id='word_1_203' title='bbox 1049 3281 1152 3329; x_wconf 79' lang='lat' dir='ltr'>AD</span> <span class='ocrx_word' id='word_1_204' title='bbox 1205 3280 1349 3327; x_wconf 75' lang='lat' dir='ltr'>mn.</span> <span class='ocrx_word' id='word_1_205' title='bbox 1401 3276 1626 3327; x_wconf 77' lang='lat' dir='ltr'>xmx.</span> 
     </span>
    </p>
   </div>
   <div class='ocr_carea' id='block_1_10' title="bbox 224 3376 2451 3673">
    <p class='ocr_par' dir='ltr' id='par_1_12' title="bbox 224 3376 2451 3673">
     <span class='ocr_line' id='line_1_27' title="bbox 326 3376 2447 3468; baseline -0.003 -20"><span class='ocrx_word' id='word_1_206' title='bbox 326 3383 436 3450; x_wconf 91' lang='lat' dir='ltr'>De</span> <span class='ocrx_word' id='word_1_207' title='bbox 478 3394 860 3468; x_wconf 80' lang='lat' dir='ltr'>quartorum</span> <span class='ocrx_word' id='word_1_208' title='bbox 906 3381 1225 3449; x_wconf 90' lang='lat' dir='ltr'>ludorum</span> <span class='ocrx_word' id='word_1_209' title='bbox 1269 3382 1697 3447; x_wconf 67' lang='lat' dir='ltr'>saecularium</span> <span class='ocrx_word' id='word_1_210' title='bbox 1729 3382 1903 3443; x_wconf 84' lang='lat' dir='ltr'>anno</span> <span class='ocrx_word' id='word_1_211' title='bbox 1934 3376 2181 3462; x_wconf 80' lang='lat' dir='ltr'>triplex</span> <span class='ocrx_word' id='word_1_212' title='bbox 2214 3376 2447 3459; x_wconf 88' lang='lat' dir='ltr'>opinio</span> 
     </span>
     <span class='ocr_line' id='line_1_28' title="bbox 225 3478 2451 3564; baseline -0.004 -13"><span class='ocrx_word' id='word_1_213' title='bbox 225 3494 362 3551; x_wconf 76' lang='lat' dir='ltr'>cst.</span> <span class='ocrx_word' id='word_1_214' title='bbox 450 3484 696 3552; x_wconf 81' lang='lat' dir='ltr'>Antias</span> <span class='ocrx_word' id='word_1_215' title='bbox 739 3487 919 3552; x_wconf 87' lang='lat' dir='ltr'>enim</span> <span class='ocrx_word' id='word_1_216' title='bbox 948 3491 1017 3551; x_wconf 89' lang='lat' dir='ltr'>et</span> <span class='ocrx_word' id='word_1_217' title='bbox 1043 3484 1264 3551; x_wconf 79' lang='lat' dir='ltr'>Varro</span> <span class='ocrx_word' id='word_1_218' title='bbox 1297 3493 1368 3549; x_wconf 89' lang='lat' dir='ltr'>et</span> <span class='ocrx_word' id='word_1_219' title='bbox 1395 3484 1630 3549; x_wconf 83' lang='lat' dir='ltr'>Livius</span> <span class='ocrx_word' id='word_1_220' title='bbox 1661 3482 1915 3547; x_wconf 78' lang='lat' dir='ltr'>relatos</span> <span class='ocrx_word' id='word_1_221' title='bbox 1954 3500 2109 3545; x_wconf 84' lang='lat' dir='ltr'>esse</span> <span class='ocrx_word' id='word_1_222' title='bbox 2140 3478 2451 3564; x_wconf 85' lang='lat' dir='ltr'>prodide-</span> 
     </span>
     <span class='ocr_line' id='line_1_29' title="bbox 224 3582 2450 3673; baseline -0.004 -19"><span class='ocrx_word' id='word_1_223' title='bbox 224 3598 394 3655; x_wconf 87' lang='lat' dir='ltr'>-runt</span> <span class='ocrx_word' id='word_1_224' title='bbox 442 3590 522 3655; x_wconf 87' lang='lat' dir='ltr'>L.</span> <span class='ocrx_word' id='word_1_225' title='bbox 555 3589 823 3655; x_wconf 80' lang='lat' dir='ltr'>Marcio</span> <span class='ocrx_word' id='word_1_226' title='bbox 869 3588 1268 3665; x_wconf 84' lang='lat' dir='ltr'>Censorin0‚</span> <span class='ocrx_word' id='word_1_227' title='bbox 1315 3586 1417 3652; x_wconf 88' lang='lat' dir='ltr'>M.</span> <span class='ocrx_word' id='word_1_228' title='bbox 1459 3584 1654 3673; x_wconf 83' lang='grc' dir='ltr'><strong>(Μ’.)</strong></span> <span class='ocrx_word' id='word_1_229' title='bbox 1694 3584 1985 3650; x_wconf 82' lang='lat' dir='ltr'>Manilio</span> <span class='ocrx_word' id='word_1_230' title='bbox 2035 3582 2450 3660; x_wconf 81' lang='lat' dir='ltr'>consulibus,</span> 
     </span>
    </p>
   </div>
   <div class='ocr_carea' id='block_1_11' title="bbox 235 3692 1792 3873">
    <p class='ocr_par' dir='ltr' id='par_1_13' title="bbox 235 3692 1792 3873">
     <span class='ocr_line' id='line_1_30' title="bbox 235 3692 1407 3776; baseline -0.003 -19"><span class='ocrx_word' id='word_1_231' title='bbox 235 3700 402 3776; x_wconf 83' lang='lat' dir='ltr'>post</span> <span class='ocrx_word' id='word_1_232' title='bbox 431 3692 726 3758; x_wconf 83' lang='lat' dir='ltr'>Romam</span> <span class='ocrx_word' id='word_1_233' title='bbox 757 3692 1098 3758; x_wconf 80' lang='lat' dir='ltr'>conditam</span> <span class='ocrx_word' id='word_1_234' title='bbox 1131 3711 1198 3757; x_wconf 79' lang='lat' dir='ltr'>a.</span> <span class='ocrx_word' id='word_1_235' title='bbox 1236 3707 1407 3755; x_wconf 83' lang='lat' dir='ltr'>nov.</span> 
     </span>
     <span class='ocr_line' id='line_1_31' title="bbox 319 3789 1792 3873; baseline -0.003 -18"><span class='ocrx_word' id='word_1_236' title='bbox 319 3794 630 3856; x_wconf 75' lang='lat' dir='ltr'>Censorio.</span> <span class='ocrx_word' id='word_1_237' title='bbox 658 3794 738 3855; x_wconf 87' lang='lat' dir='ltr'>de</span> <span class='ocrx_word' id='word_1_238' title='bbox 765 3792 886 3855; x_wconf 86' lang='lat' dir='ltr'>Die</span> <span class='ocrx_word' id='word_1_239' title='bbox 915 3792 1071 3855; x_wconf 77' lang='lat' dir='ltr'>Nat.</span> <span class='ocrx_word' id='word_1_240' title='bbox 1097 3813 1153 3855; x_wconf 89' lang='lat' dir='ltr'>c.</span> <span class='ocrx_word' id='word_1_241' title='bbox 1183 3798 1284 3854; x_wconf 80' lang='lat'>17.</span> <span class='ocrx_word' id='word_1_242' title='bbox 1328 3790 1431 3853; x_wconf 84' lang='lat' dir='ltr'>cf.</span> <span class='ocrx_word' id='word_1_243' title='bbox 1463 3789 1629 3873; x_wconf 85' lang='lat' dir='ltr'>Epit.</span> <span class='ocrx_word' id='word_1_244' title='bbox 1660 3790 1792 3851; x_wconf 77' lang='lat' dir='ltr'>Liv.</span> 
     </span>
    </p>
   </div>
   <div class='ocr_carea' id='block_1_12' title="bbox 1007 3990 1677 4043">
    <p class='ocr_par' dir='ltr' id='par_1_14' title="bbox 1007 3990 1677 4043">
     <span class='ocr_line' id='line_1_32' title="bbox 1007 3990 1677 4043; baseline -0.009 0"><span class='ocrx_word' id='word_1_245' title='bbox 1007 3994 1110 4043; x_wconf 78' lang='lat' dir='ltr'>AD</span> <span class='ocrx_word' id='word_1_246' title='bbox 1159 3994 1314 4042; x_wconf 77' lang='lat' dir='ltr'>Lm.</span> <span class='ocrx_word' id='word_1_247' title='bbox 1361 3990 1677 4041; x_wconf 75' lang='lat' dir='ltr'><strong>Lxxvn.</strong></span> 
     </span>
    </p>
   </div>
   <div class='ocr_carea' id='block_1_13' title="bbox 243 4102 2449 4405">
    <p class='ocr_par' dir='ltr' id='par_1_15' title="bbox 243 4102 2449 4405">
     <span class='ocr_line' id='line_1_33' title="bbox 323 4102 2447 4200; baseline -0.005 -19"><span class='ocrx_word' id='word_1_248' title='bbox 323 4115 516 4200; x_wconf 78' lang='lat' dir='ltr'>Sylla</span> <span class='ocrx_word' id='word_1_249' title='bbox 561 4116 1053 4182; x_wconf 84' lang='lat' dir='ltr'>nobilissimum</span> <span class='ocrx_word' id='word_1_250' title='bbox 1087 4111 1424 4179; x_wconf 80' lang='lat' dir='ltr'>contrahit</span> <span class='ocrx_word' id='word_1_251' title='bbox 1451 4109 1859 4196; x_wconf 88' lang='lat' dir='ltr'>conjugium,</span> <span class='ocrx_word' id='word_1_252' title='bbox 1888 4103 2173 4173; x_wconf 79' lang='lat' dir='ltr'>Caecilia</span> <span class='ocrx_word' id='word_1_253' title='bbox 2216 4102 2447 4183; x_wconf 79' lang='lat' dir='ltr'>ducta,</span> 
     </span>
     <span class='ocr_line' id='line_1_34' title="bbox 243 4206 2449 4303; baseline -0.004 -20"><span class='ocrx_word' id='word_1_254' title='bbox 243 4217 504 4283; x_wconf 82' lang='lat' dir='ltr'>Metelli</span> <span class='ocrx_word' id='word_1_255' title='bbox 532 4218 887 4303; x_wconf 82' lang='lat' dir='ltr'>pontificis</span> <span class='ocrx_word' id='word_1_256' title='bbox 912 4215 1191 4283; x_wconf 81' lang='lat' dir='ltr'>maximi</span> <span class='ocrx_word' id='word_1_257' title='bbox 1219 4216 1376 4287; x_wconf 83' lang='lat' dir='ltr'>filia.</span> <span class='ocrx_word' id='word_1_258' title='bbox 1467 4212 1653 4278; x_wconf 89' lang='lat' dir='ltr'>Hinc</span> <span class='ocrx_word' id='word_1_259' title='bbox 1682 4210 1927 4275; x_wconf 88' lang='lat' dir='ltr'>cecinit</span> <span class='ocrx_word' id='word_1_260' title='bbox 1952 4208 2169 4272; x_wconf 82' lang='lat' dir='ltr'>multa</span> <span class='ocrx_word' id='word_1_261' title='bbox 2198 4206 2267 4271; x_wconf 92' lang='lat' dir='ltr'>in</span> <span class='ocrx_word' id='word_1_262' title='bbox 2295 4225 2449 4275; x_wconf 83' lang='lat' dir='ltr'>eum</span> 
     </span>
     <span class='ocr_line' id='line_1_35' title="bbox 243 4308 2449 4405; baseline -0.005 -20"><span class='ocrx_word' id='word_1_263' title='bbox 243 4322 565 4404; x_wconf 81' lang='lat' dir='ltr'>probrose</span> <span class='ocrx_word' id='word_1_264' title='bbox 617 4320 880 4405; x_wconf 78' lang='lat' dir='ltr'>vulgus,</span> <span class='ocrx_word' id='word_1_265' title='bbox 925 4319 1254 4405; x_wconf 88' lang='lat' dir='ltr'>multique</span> <span class='ocrx_word' id='word_1_266' title='bbox 1311 4337 1404 4384; x_wconf 82' lang='lat' dir='ltr'>ex</span> <span class='ocrx_word' id='word_1_267' title='bbox 1453 4314 1866 4403; x_wconf 85' lang='lat' dir='ltr'>primoribus</span> <span class='ocrx_word' id='word_1_268' title='bbox 1924 4309 2301 4377; x_wconf 81' lang='lat' dir='ltr'>inviderunt</span> <span class='ocrx_word' id='word_1_269' title='bbox 2356 4308 2449 4388; x_wconf 88' lang='lat' dir='ltr'>ei,</span> 
     </span>
    </p>
   </div>
  </div>
 </body>
</html>
