3267 5250
829 461 1006 527 5994
1762 473 2119 526 nvn-oum

830 641 1034 708 quam
1077 627 1278 690 antea
1301 621 1553 688 sactum
1597 617 1795 704 erat)
1832 625 2027 686 extra
2070 617 2343 686 Italiam
2388 620 2755 705 profectus,
2796 619 3029 706 proelio

827 728 1054 790 victus
1084 731 1158 789 et
1185 725 1464 796 occisus
1493 723 1651 789 est.⁸
1740 721 1843 788 M.
1874 722 2221 808 Perperna
2240 731 2273 776 ⁹
2300 723 2539 790 consul
2570 723 2825 789 victum
2850 723 3031 788 Aris-

829 827 1130 892 tonicum
1161 827 1231 892 in
1261 825 1673 892 deditionem
1696 825 1981 909 accepit.
2053 825 2143 906 Q.
2170 825 2543 910 Pompeius
2573 832 2642 892 et
2673 825 2764 906 Q.
2796 826 3033 890 Metel-

829 930 962 1009 lus,
995 938 1150 994 tunc
1182 930 1470 1014 primum
1509 934 1799 1013 uterque
1846 945 1939 992 ex
1970 927 2171 1012 plebe
2202 929 2367 994 sacti
2396 946 2732 1005 censores,
2757 928 3033 992 lustrum

829 1032 1292 1098 condiderunt.
1379 1031 1606 1098 Censa
1654 1035 1814 1096 sunt
1858 1031 2111 1095 civium
2157 1030 2394 1114 capita
2422 1036 2717 1096 trecenta
2747 1035 3034 1112 septem-

828 1137 1052 1202 decim
1086 1144 1142 1176 ¹0
1184 1135 1423 1212 millia,
1472 1137 1862 1218 octingenta
1893 1134 2127 1217 viginti
2174 1135 2327 1212 tria,
2357 1139 2604 1218 praeter
2633 1133 2940 1218 pupillos
2968 1137 3034 1198 et

828 1240 1103 1306 viduas.
1192 1237 1285 1318 Q.
1319 1237 1655 1304 Metellus
1686 1256 1927 1303 censor
1953 1238 2243 1316 censuit,
2283 1242 2362 1303 ut
2388 1255 2621 1302 omnes
2651 1241 3037 1318 cogerentur

827 1341 1076 1408 ducere
1105 1359 1362 1406 uxores
1391 1340 1751 1406 liberorum
1782 1339 2230 1407 creandorum
2255 1360 2493 1407 causa.
2584 1339 2797 1406 Extat
2824 1338 3035 1405 oratio

827 1444 1005 1530 ejus,
1046 1464 1254 1531 quam
1285 1443 1638 1528 Augustus
1677 1441 1928 1522 Caesar,
1956 1461 2112 1509 cum
2142 1442 2229 1508 de
2258 1441 2659 1508 maritandis
2688 1441 3037 1506 ordinibus
3100 1499 3107 1514 ,

825 1553 1066 1631 ageret,
1091 1549 1278 1616 velut
1305 1549 1374 1614 in
1399 1547 1554 1614 haec
1581 1551 1893 1631 tempora
1912 1555 1960 1586 ⁸¹
1988 1547 2311 1631 scriptam
2339 1547 2411 1610 in
2442 1552 2685 1610 senatu
2704 1543 3037 1612 recitavit.

827 1651 910 1717 C.
952 1651 1236 1719 Atinius
1277 1651 1513 1718 Labeo
1551 1653 1860 1716 tribunus
1890 1650 2116 1734 plebis
2146 1648 2235 1728 Q.
2278 1646 2637 1714 Metellum
2676 1665 3036 1723 censorem,

826 1773 871 1819 a
894 1774 1032 1838 quo
1063 1755 1132 1820 in
1163 1763 1406 1820 senatu
1441 1751 1732 1835 legendo
1778 1753 2162 1836 praeteritus
2209 1758 2378 1832 erat,
2425 1751 2511 1818 de
2556 1769 2733 1816 saxo
2764 1750 3039 1835 dejici¹⁸

819 1857 1072 1942 jussit:
1117 1856 1302 1942 quod
1352 1877 1436 1921 ne
1466 1857 1671 1932 fieret,
1714 1857 1915 1922 ceteri
1957 1855 2202 1922 tribuni
2247 1856 2471 1942 plebis
2514 1855 2775 1920 auxilio
2800 1861 2853 1901 ¹³
2898 1851 3036 1918 fue-

825 1965 1002 2023 runt.
1092 1959 1266 2026 Cum
1313 1957 1536 2024 Carbo
1565 1959 1873 2023 tribunus
1911 1957 2134 2043 plebis
2176 1959 2597 2041 rogationem
2647 1957 2928 2031 tulisset,
2966 1959 3037 2021 ut

827 2061 1114 2126 eundem
1157 2063 1495 2127 tribunum
1535 2061 1781 2144 plebis,
1826 2061 2097 2146 quoties
2141 2061 2374 2141 vellet,
2428 2079 2653 2126 creare
2672 2065 2729 2108 ¹4
2768 2059 3036 2138 liceret3

827 2163 1236 2246 rogationem
1283 2163 1437 2248 ejus
1484 2162 1569 2227 P.
1598 2162 1967 2227 Africanus
2001 2163 2407 2245 gravissima
2436 2162 2749 2229 oratione
2779 2161 3039 2229 dissua-

831 2267 923 2331 sit
945 2286 966 2348 3
989 2266 1055 2330 iu
1085 2285 1224 2351 qua
1254 2266 1453 2343 dixit,
1483 2271 1503 2304 ‘
1521 2265 1631 2329 Ti.
1664 2263 2043 2330 Gracchum
2062 2264 2217 2350 jure
2247 2283 2501 2330 caesum
2528 2263 2783 2330 videri.⁸
2830 2265 3037 2332 Grac-

829 2369 996 2434 chus
1017 2375 1068 2417 '5
1112 2377 1349 2434 contra
1380 2368 1601 2432 suasit
1625 2369 2037 2451 rogationem
2068 2387 2087 2448 ;
2120 2367 2239 2432 sed
2272 2367 2511 2451 Scipio
2540 2369 2779 2434 tenuit.
2850 2369 3040 2435 Bella

827 2473 1006 2538 inter
1035 2469 1447 2536 Antiochum
1473 2469 1689 2554 Syriae
1718 2479 1787 2536 et
1808 2469 2172 2534 Phraatem
2205 2471 2611 2537 Parthorum
2642 2491 2864 2553 regem
2892 2491 3036 2558 ges-

827 2583 926 2655 ta,
953 2595 1081 2641 nec
1111 2574 1324 2659 magis
1362 2572 1614 2658 quietae
1653 2591 1763 2639 res
1796 2572 2083 2657 AEgypti
2130 2573 2513 2639 referuntur.
2600 2573 3037 2655 Ptolemaeus,

831 2680 1193 2761 Evergetcs
1215 2676 1752 2760 cognominatus,
1780 2676 1869 2740 ob
1898 2676 2179 2743 nimiam
2199 2672 2251 2716 ¹⁶
2278 2677 2739 2743 crudelitatem
2766 2678 2920 2744 suis
2946 2679 3039 2743 in-

829 2784 1040 2860 visus»,
1073 2781 1354 2845 incensa
1401 2798 1444 2843 a
1494 2778 1753 2863 populo
1790 2779 1995 2862 regia,
2036 2779 2211 2844 clam
2260 2777 2531 2865 Cypron
2577 2780 2915 2865 profugit3
2958 2786 3041 2857 et,

829 2903 984 2949 cum
1017 2882 1230 2948 sorori
1257 2880 1406 2965 ejus
1437 2879 1846 2965 Cleopatrae,
1874 2900 2077 2964 quam
2104 2880 2281 2965 (filia
2310 2882 2463 2966 ejus
2484 2881 2739 2964 virgine
2758 2902 2885 2967 per
2910 2885 3038 2949 vim

833 3003 1242 3069 compressa,
1269 2988 1476 3069 atque
1497 2984 1570 3047 in
1589 2982 2091 3049 matrimonium
2116 2983 2348 3064 ducta)
2374 2984 2877 3071 repudiaverat,
2902 3004 3041 3067 reg·

827 3108 988 3153 num
1034 3107 1078 3154 a
1111 3088 1368 3173 populo
1418 3087 1651 3152 datum
1702 3092 1901 3161 esset,
1948 3085 2255 3153 infensus
2298 3086 2533 3166 filium,
2576 3106 2773 3172 quem
2802 3106 2897 3152 ex
2924 3088 3039 3153 illa

829 3189 1149 3266 habebat,
1203 3186 1418 3272 Cypri
1463 3187 1740 3266 occidit,
1785 3191 2132 3272 caputque
2177 3189 2332 3273 ejus
2378 3196 2451 3254 et
2478 3207 2715 3254 manus
2743 3196 2811 3254 et
2836 3190 3039 3274 pedes

829 3291 1030 3356 matri
1077 3290 1288 3356 misit.
1377 3290 1765 3355 Seditiones
1815 3308 1860 3354 a
1900 3290 2265 3355 triumviris
2296 3290 2542 3357 Fulvio
2574 3290 2833 3356 Flacco
2863 3297 2933 3356 et
2958 3290 3035 3356 C.

829 3391 1144 3461 Graccho
1175 3398 1242 3459 et
1277 3393 1360 3459 C.
1391 3391 1673 3478 Papirio
1694 3398 1751 3441 ¹⁷
1796 3390 2133 3469 Carbone,
2179 3410 2339 3476 agro
2372 3391 2739 3459 dividendo
2770 3394 3036 3469 creatis,

829 3496 1188 3565 excitatae:
1233 3496 1484 3580 quibus
1533 3516 1689 3561 cum
1736 3492 1821 3559 P.
1867 3493 2109 3578 Scipio
2146 3492 2509 3561 Africanus
2557 3494 3038 3574 adversaretur,

827 3597 1158 3685 sortisque
1182 3617 1265 3665 ac
1287 3597 1550 3665 validus
1580 3598 1666 3664 de
1686 3597 1799 3664 die
1822 3596 1876 3639 ⁸⁸
1916 3597 2187 3663 domum
2218 3616 2295 3664 se
2322 3599 2713 3684 recepisset,
2738 3604 3039 3665 mortuus

1759 3754 1793 3777 θ

830 3844 866 3890 θ
911 3840 994 3890 Ex
1017 3838 1222 3890 emend.
1243 3840 1423 3901 Sigon.
1445 3852 1542 3903 pro
1565 3840 1632 3891 P.
1654 3839 1951 3891 Atilia—⁷
1985 3838 2073 3890 ΑΙ.
2106 3840 2384 3903 legerem—8
2419 3839 2741 3905 Inter-emptu
2775 3844 2851 3891 ent
2880 3838 3041 3891 Gron-

834 3904 1048 3968 Doujat.
1073 3904 1332 3957 Crem—9
1365 3905 1624 3969 Perpenna
1641 3906 1766 3955 edd.
1793 3912 1915 3957 ante
1935 3904 2247 3970 sigum—lo
2282 3906 2439 3956 malit
2462 3906 2639 3970 Sigon.
2672 3912 2885 3958 mee-ta
2904 3920 3041 3955 sem·

829 3970 976 4031 ginta
995 3974 1117 4019 octo.
1183 3968 1400 4019 Habent
1421 3971 1490 4019 al.
1515 3976 1729 4020 trecenta
1744 3971 2121 4021 tredecim—ll
2162 3971 2235 4019 Eo
2258 3976 2463 4036 tenpore
2484 3972 2602 4020 edd.
2631 3979 2757 4021 ante
2796 3972 3038 4035 Sigon.—

836 4038 900 4083 12
935 4036 1164 4085 Grutero
1187 4035 1400 4084 videtur
1426 4036 1605 4099 spuria
1629 4050 1730 4085 vox
1752 4036 1894 4096 ddici
1914 4053 1933 4087 .-
1964 4044 2021 4086 et
2042 4036 2250 4088 omniuo
2272 4037 2324 4088 h.
2348 4040 2381 4085 Ι.
2400 4037 2705 4087 stultissima
2726 4034 2814 4087 ed.
2838 4038 3037 4100 vulg.-

2035 3756 2125 3777 m

837 4102 900 4147 1⁸
939 4100 1095 4155 Quam
1114 4100 1320 4149 moa-im
1342 4100 1464 4149 add.
1485 4100 1606 4151 edd.
1642 4109 1765 4150 ante
1798 4100 2107 4167 sigoni—14
2154 4101 2349 4152 Plebis.
2368 4102 2587 4151 ..creari
2618 4102 2785 4153 Gron.
2818 4103 3037 4166 Doujst.

835 4164 994 4213 Crev.
1029 4164 1190 4214 Plebis
1223 4172 1277 4215 et
1315 4166 1614 4215 Drak.—16
1656 4166 1717 4215 C.
1752 4166 2003 4217 Graeclam
2032 4168 2237 4217 emend.
2262 4168 2562 4217 Gron.-lfi
2593 4166 2742 4216 Sum
2764 4166 2885 4218 add.
2918 4164 3037 4215 edd.

836 4235 962 4277 ante
997 4228 1175 4294 Sigon.
1241 4230 1372 4279 Mox
1413 4231 1470 4280 in
1507 4234 1701 4296 Cypron
1734 4238 1859 4282 ante
1894 4230 2060 4283 Gron.
2104 4231 2527 4296 legebature-l't
2578 4232 2745 4281 Deest
2784 4232 2837 4281 in
2876 4232 3035 4282 Grau.

837 4292 1051 4357 Doujat.
1081 4303 1138 4345 et
1173 4295 1238 4346 al.
1261 4310 1450 4346 nomen
1473 4297 1697 4361 Papirio.
1764 4298 1895 4347 Mox
1916 4306 2039 4348 ante
2067 4297 2247 4360 Sigon.
2270 4295 2679 4360 praeponebatur
2700 4297 2771 4358 τῷ·
2788 4312 2907 4361 ogre
2928 4310 3035 4346 ver·

837 4358 964 4409 bum
986 4360 1196 4412 ‹ia—18
1227 4360 1404 4413 Pridie
1433 4375 1618 4414 omnes
1639 4360 1765 4414 fere
1792 4363 1923 4417 Mu.
1964 4371 2023 4415 et
2062 4363 2185 4415 edd.
2224 4368 2349 4415 aute
2385 4362 2544 4413 Crev.
2610 4360 2785 4414 Roiill.
2816 4362 2949 4428 conj.
2980 4374 3033 4411 eo
