3267 5250
854 505 1031 576 6148

857 667 995 734 apud
1038 665 1398 734 Hipparchum
1451 665 1537 732 (ut
1584 670 1770 718 auctor
1837 671 1920 717 est

856 745 1082 795 Ptolem.
1108 759 1197 795 ιιι.
1218 743 1322 808 περὶ
1341 745 1429 804 riis
1462 742 1683 805 μυγάληι
1701 759 1917 808 eperna-

852 818 1008 886 πίω)
1076 820 1192 870 dies
1234 821 1393 870 babet
1430 832 1656 870 cccnxtr.
1693 829 1749 870 et
1791 833 1916 884 qua-

855 898 1112 960 drantem,
1150 896 1247 947 boc
1280 907 1362 946 eat
1395 911 1487 946 sea
1523 898 1695 948 boras.
1759 896 1917 947 Hunc

854 973 1024 1025 acenti
1059 981 1181 1025 sunt
1218 973 1431 1026 Romani
1469 973 1846 1039 christianique
1884 987 1917 1022 a

854 1048 1179 1114 temporibus
1223 1051 1287 1101 C.
1329 1049 1458 1103 Jniii
1496 1049 1739 1100 Caeaaria.
1805 1049 1915 1100 Sub

854 1129 1073 1178 Romulo
1095 1133 1266 1178 autern
1290 1141 1454 1177 annua
1482 1126 1666 1178 decem
1691 1125 1918 1176 babebat

854 1221 1081 1264 menses,
1105 1221 1197 1256 sex
1220 1207 1426 1272 quidem
1446 1204 1679 1269 tricenis,
1694 1211 1916 1270 quatuor

858 1297 982 1334 vero
1044 1283 1259 1333 tricenis
1318 1281 1531 1346 singulis
1584 1281 1785 1343 diebus,
1825 1281 1916 1346 qni

854 1358 1152 1410 efficiebant
1175 1360 1287 1410 dies
1311 1373 1429 1410 ccc.
1453 1373 1513 1409 ac
1537 1371 1619 1408 tv.
1641 1364 1698 1409 et
1716 1373 1745 1407 a
1771 1357 1915 1408 Mar·

854 1440 931 1490 tio
954 1440 1155 1490 initium
1184 1439 1424 1490 babebat.
1491 1438 1688 1486 Verum
1721 1451 1838 1488 cum
1868 1438 1914 1487 is

852 1531 1099 1567 numerus
1134 1531 1303 1582 neque
1338 1516 1459 1566 solia
1498 1515 1693 1571 cursui,
1745 1526 1916 1580 neque

852 1593 991 1644 lunm
1058 1592 1343 1644 rationibus
1388 1591 1708 1645 conveniret,
1759 1597 1916 1654 atque

852 1684 994 1736 atepe
1018 1687 1112 1721 usn
1138 1671 1361 1736 veniret,
1398 1675 1456 1719 nt
1490 1669 1654 1720 biems
1678 1669 1916 1734 praecipi-

852 1753 992 1796 taret
1012 1752 1269 1802 natatem,
1284 1751 1537 1796 utcontra
1558 1751 1715 1796 metas
1735 1745 1914 1796 hiemis

850 1829 1139 1886 occuparet
1166 1834 1445 1886 tempora;
1478 1829 1677 1873 tanturn
1715 1822 1914 1872 dierum

852 1899 962 1948 sine
975 1900 1077 1949 nilo
1090 1900 1277 1949 mensis
1290 1899 1495 1950 nomine
1512 1899 1915 1962 intercalabant,

854 1984 1105 2040 quantum
1138 1983 1221 2025 sat
1258 1981 1373 2025 erat
1404 1975 1467 2024 ud
1494 1975 1766 2040 pristinum
1795 1974 1916 2025 coeli

852 2053 1103 2104 babitnm.
1166 2054 1287 2120 ljloc
1338 2053 1512 2103 Numa
1555 2051 1914 2115 considerans,

851 2131 920 2181 ad
954 2131 1137 2181 decern
1164 2130 1277 2194 jam
1314 2129 1485 2179 dictos
1522 2135 1728 2179 tuentes
1765 2129 1914 2194 quin·

851 2207 1105 2270 quaginta
1140 2203 1343 2255 addidit
1380 2193 1522 2255 diesi
1566 2205 1912 2272 retractisque

852 2297 946 2333 sex
970 2283 1151 2332 diebus
1182 2283 1247 2332 de
1282 2281 1487 2332 Romuli
1508 2281 1792 2339 mensibus,
1823 2283 1912 2349 qni

850 2361 1105 2409 tricenum
1146 2365 1295 2408 erant
1328 2357 1548 2414 dierum,
1576 2355 1710 2408 dnos
1749 2372 1911 2409 noros

848 2433 1025 2484 effecit
1044 2448 1245 2484 menses
1266 2434 1503 2483 vicenum
1534 2439 1778 2483 octonum
1802 2433 1912 2485 die-

851 2523 984 2571 rum,
1004 2509 1301 2562 Januariurn
1326 2523 1387 2558 ac
1409 2507 1771 2560 Februarium.
1823 2509 1911 2560 Ita

852 2602 1017 2638 annus
1061 2585 1234 2641 factus
1281 2593 1365 2638 eat
1416 2599 1633 2639 eccur.
1687 2586 1911 2654 dierum,

851 2673 977 2730 quot
1020 2664 1179 2715 etiarn
1220 2665 1357 2728 apud
1396 2664 1615 2714 Grecos
1663 2664 1906 2730 aliquam-

852 2742 941 2792 diu
960 2738 1060 2791 fnit
1078 2758 1093 2792 ε
1113 2742 1206 2791 sed
1223 2740 1521 2792 Graecorum
1539 2739 1774 2791 ordinem
1795 2742 1909 2792 Nn·

850 2832 934 2867 ma
972 2818 1221 2881 turbavit,
1266 2832 1368 2867 uno
1420 2816 1631 2881 adjecto
1683 2817 1768 2867 die
1818 2817 1910 2869 Ja-

850 2897 1047 2957 nuario‚
1067 2902 1127 2945 ut
1152 2910 1325 2945 omnes
1360 2908 1565 2944 mentes
1595 2896 1796 2960 proeter’
1813 2895 1908 2944 Fe-

847 2970 1109 3022 bruarium
1132 2973 1319 3036 impari
1352 2978 1658 3021 constarent
1679 2984 1909 3021 nurnero.

848 3048 921 3099 Et
944 3048 1251 3099 Gruterum
1271 3046 1631 3111 supputationi
1657 3047 1723 3097 ab
1741 3046 1908 3099 solido

850 3124 1141 3189 Hipparchi
1164 3138 1301 3175 anno
1322 3122 1638 3173 deficiebant
1666 3123 1780 3173 dies
1815 3137 1910 3174 nn-

848 3198 1021 3251 decim
1069 3214 1130 3250 ae
1190 3198 1464 3265 quadrans.
1529 3199 1724 3249 Verum
1771 3197 1906 3264 qnod

848 3276 1065 3327 difficile
1100 3284 1216 3326 erat
1269 3270 1543 3342 quotannis
1594 3276 1908 3327 intercalare

848 3370 969 3405 cum
1020 3354 1233 3419 reliquia
1294 3351 1479 3403 dlebus
1542 3352 1907 3418 quadrantem,

850 3432 1141 3496 mensisque
1178 3430 1314 3480 ratio
1338 3428 1512 3493 potius
1540 3428 1906 3496 expetebatur,

846 3506 985 3557 bunc
1008 3520 1273 3558 numerum
1310 3505 1472 3556 octies
1493 3506 1909 3571 multiplicatum,

845 3587 945 3637 boc
966 3598 1045 3638 est
1083 3587 1363 3651 nonaginta
1396 3586 1527 3644 dies,
1566 3587 1656 3651 qui
1689 3600 1908 3636 nascun-

848 3672 954 3726 tur,
970 3665 1015 3714 ai
1037 3663 1296 3728 quadrans
1319 3678 1437 3713 cnm
1458 3658 1698 3713 undecim
1724 3654 1907 3714 diebus

846 3742 1014 3792 octies
1060 3750 1418 3807 componatur,
1466 3748 1658 3791 octavo
1701 3756 1907 3807 qnoque

844 3831 979 3869 anno
1000 3818 1380 3869 interserebant
1397 3832 1491 3882 per
1514 3824 1623 3868 tres
1645 3818 1906 3869 tricenum

846 3893 1043 3944 dierum
1068 3895 1392 3945 distributum
1408 3908 1628 3948 menses.
1662 3895 1776 3946 Hos
1793 3895 1906 3946 dies

847 3971 1227 4036 inspectivam-as,
1291 3970 1487 4037 (nostri
1553 3977 1570 4003 ‘
1592 3986 1905 4023 concurren-

848 4048 979 4113 tea’)
1006 4062 1208 4098 menses
1248 4061 1372 4097 vero
1394 4048 1719 4111 ἔμβολισμοὺς
1756 4064 1904 4101 voca-

846 4128 991 4179 bant.
1059 4127 1217 4177 Hunc
1262 4126 1421 4188 igitur
1456 4127 1760 4179 Grecornm
1799 4145 1905 4180 rno-

845 4204 969 4253 dum
1007 4201 1354 4252 intercalandi
1390 4217 1506 4253 cum
1532 4205 1689 4254 etiam
1725 4204 1902 4255 Numa

844 4280 1167 4342 observaret,
1225 4278 1426 4328 invenit
1476 4282 1750 4345 quotannis
1812 4281 1901 4332 die

846 4356 1249 4414 claudicantem,
1271 4353 1508 4403 nimirum
1532 4369 1595 4405 eo
1614 4370 1766 4421 quem
1789 4356 1902 4422 ipse

845 4433 1132 4499 adjecerat.
1194 4430 1370 4482 Quare
1408 4430 1567 4482 tertio
1588 4448 1794 4499 qnoque
1815 4450 1904 4487 ορ.

1546 523 1768 574 NOTAE
1817 522 2224 574 vAmoRtm
2275 524 2298 571 1
2311 523 2356 573 N

1989 666 2169 717 tennio
2204 667 2279 717 ita
2308 665 2693 718 intercalandos
2729 661 3033 730 dispensarit

1989 744 2122 807 dies,
2147 751 2207 794 nt
2226 758 2330 795 non
2353 744 2656 808 nonaginta,
2685 743 2778 793 sed
2801 755 2947 794 uvi.
2965 741 3032 789 in-

1989 821 2293 885 tercalaret,
2312 823 2661 887 compensatis
2688 833 2845 871 xxiv.
2865 817 3034 867 diebus

1991 911 2086 960 pro
2109 898 2229 954 illia,
2250 900 2335 963 qui
2355 914 2450 963 per
2469 898 2686 948 totidem
2704 910 2868 947 annos
2889 909 3036 958 supra

1989 973 2290 1024 Groecornm
2311 989 2576 1025 numerum
2593 984 2887 1024 creverant.
2914 972 3038 1022 Hac

1989 1065 2054 1100 ex
2087 1051 2364 1103 Macrobio
2395 1053 2642 1116 pleraque
2663 1051 2877 1101 Saturn.
2901 1065 2939 1100 ι.
2963 1053 3036 1100 18.

1988 1127 2166 1178 Quare
2187 1129 2241 1178 in
2277 1127 2422 1178 Livio
2443 1127 2540 1178 boc
2569 1129 2681 1178 loco
2715 1127 2892 1190 paullo
2925 1135 3036 1190 poet

1987 1202 2284 1270 legendnm,
2319 1206 2336 1233 ⁸
2355 1212 2413 1255 ut
2436 1204 2681 1254 vicesimo
2711 1213 2902 1270 quarto
2923 1217 3036 1266 quo-

1991 1293 2092 1345 que
2111 1295 2244 1332 anno
2261 1281 2326 1331 ad
2347 1289 2538 1331 metam
2553 1280 2774 1330 eandem
2787 1278 3034 1335 saliente.

1988 1359 2126 1423 quod
2150 1359 2204 1408 in
2216 1358 2338 1410 Ald.
2355 1358 2474 1409 cod.
2497 1359 2796 1422 neglectum
2815 1355 3040 1418 vidimus,

1976 1434 2242 1499 judicione
2278 1451 2346 1486 an
2381 1443 2594 1492 temere,
2625 1433 2760 1484 scire
2790 1446 2893 1482 non
2927 1445 3038 1495 poa·

1988 1527 2118 1563 snm.
2185 1511 2282 1561 Est
2305 1522 2480 1562 antem
2505 1512 2668 1560 visum
2703 1508 2852 1559 nobis
2877 1521 3036 1570 opere

1987 1590 2236 1655 precium,
2259 1597 2319 1640 ut
2339 1591 2473 1641 banc
2489 1603 2601 1645 rem
2625 1589 2802 1652 paullo
2819 1585 3038 1637 diffusius

1988 1676 2347 1729 tractaremus,
2401 1681 2712 1740 quamquam
2765 1663 3036 1714 necessitas

1987 1745 2242 1810 propositi
2256 1741 2420 1795 nostri
2439 1757 2540 1793 non
2559 1743 2796 1806 urgebat.
2833 1741 3037 1804 Reliqua

1989 1824 2076 1886 qni
2097 1820 2252 1872 latins
2265 1821 2396 1872 scire
2421 1819 2662 1876 voluerit,
2677 1819 2860 1869 videat
2879 1818 3036 1882 ipsun

1988 1899 2332 1949 Macrobinm.
2369 1899 2512 1948 Glar.

2051 1975 2315 2026 Solstitiale·
2333 1975 2512 2025 circum
2527 1975 2694 2038 agitur
2713 1973 2852 2039 orbe]
2869 1972 2930 2022 Id
2947 1979 3040 2030 est.

1988 2053 2162 2104 solari.
2229 2055 2345 2103 Etsi
2381 2053 2517 2102 enim
2561 2051 2856 2103 solstitialia
2889 2067 2916 2098 a
2947 2051 3036 2099 sol-

1987 2129 2133 2179 stitio
2173 2128 2470 2184 deducitur.
2527 2137 2702 2178 tamen
2753 2129 2806 2177 in
2859 2141 2920 2175 eo
2950 2141 3036 2174 sa-

1987 2219 2275 2271 pennmero
2323 2207 2445 2257 solis
2487 2213 2690 2256 tantnm
2743 2201 3036 2270 significatis

1985 2282 2292 2340 attenditur.
2331 2289 2390 2333 nt
2425 2283 2601 2332 solaris
2644 2283 2736 2332 sit.
2801 2281 2959 2331 Solin.
2991 2291 3036 2327 e.

1985 2373 2190 2412 xxvm.
2233 2365 2318 2412 25.
2361 2360 2534 2413 ‘Qnae
2575 2359 2842 2410 solstitiali
2879 2359 3036 2422 plag·

1985 2439 2139 2490 obvia
2178 2437 2310 2488 estz’
2352 2437 2405 2487 id
2447 2445 2551 2498 eat,
2587 2436 2746 2486 solari
2793 2435 2956 2499 plaga
2987 2441 3038 2484 et

1983 2514 2237 2565 meridiei.
2261 2515 2409 2564 Τιιηι.
2459 2511 2597 2563 Adr.
2617 2524 2782 2562 xxxv.
2805 2516 2888 2562 88.

2050 2591 2370 2643 Inter-celares
2415 2589 2648 2640 mensibus
2687 2582 3041 2653 interponendo]

1984 2668 2326 2719 Scribe-ndum
2395 2666 2760 2718 intercalaribus
2817 2664 3040 2716 mensibus

1982 2745 2402 2809 interponendis..
2423 2750 2500 2794 ,ει
2524 2744 2740 2793 uicesimo
2766 2756 3040 2807 quoquen-

1983 2836 2063 2885 κο,
2095 2823 2178 2885 4¹⁶·
2211 2820 2279 2871 de
2311 2822 2501 2887 quibus
2534 2820 2678 2869 alibi.
2713 2820 2948 2883 Scaliger
2979 2816 3040 2865 de

1984 2897 2206 2949 Emend.
2226 2898 2409 2961 Temp.
2429 2910 2494 2947 ιι.
2515 2910 2569 2961 p.
2593 2898 2704 2945 181.
2723 2896 2908 2960 viginti
2923 2896 3038 2943 duo·

1985 2990 2097 3027 rum
2116 2992 2363 3028 annorum
2389 2992 2505 3027 eum
2529 2977 2734 3040 cyclum
2755 2974 2926 3036 facit3
2965 2972 3042 3022 si·

1983 3068 2106 3118 gon.
2137 3061 2194 3105 et
2233 3054 2445 3104 Petitns
2477 3054 2660 3114 Eciog.
2693 3052 2892 3103 Cbron.
2919 3064 2972 3100 r.
2997 3054 3040 3098 1.

1985 3131 2188 3194 viginti,
2206 3130 2422 3181 diversis
2449 3130 2752 3180 rationibus.
2821 3130 2926 3179 Sed
2947 3126 3044 3177 fal-

1984 3208 2179 3257 luntur.
2247 3208 2304 3259 J.
2359 3206 2421 3257 F.
2460 3208 2616 3259 Gran.
2657 3206 2876 3269 angat.
2924 3206 3038 3253 lect.

1983 3290 2200 3335 servant
2226 3284 2379 3334 Port.
2398 3300 2429 3334 a
2451 3300 2520 3335 m.
2545 3299 2651 3334 aec.
2675 3290 2730 3333 et
2763 3282 2908 3333 Har.
2926 3296 2957 3330 a
2977 3294 3038 3329 m.

1983 3376 2064 3427 pr.
2090 3360 2428 3425 eamdemque
2449 3360 2661 3411 Hearne
2695 3361 2971 3409 invenerat
2994 3360 3040 3404 in

1986 3439 2159 3490 Onon.
2188 3437 2247 3489 t..
2270 3442 2322 3488 2.
2355 3438 2422 3489 B.
2457 3436 2527 3488 N.
2552 3445 2608 3487 et
2641 3436 2702 3487 C.
2735 3436 3040 3487 intercalares

1983 3518 2158 3565 mensis
2173 3514 2510 3578 interponendo
2533 3514 2672 3564 Har.
2690 3528 2804 3564 arn.
2825 3527 2934 3563 sec.
2969 3514 3042 3559 in-

1983 3595 2239 3644 tercalares
2256 3591 2492 3642 ηιιιιείὁιιι
2509 3590 2877 3653 interponendas
2897 3588 3039 3635 Voss.

1984 3676 2032 3721 1.
2059 3670 2208 3721 Harl.
2227 3673 2278 3719 2.
2317 3668 2466 3717 Leid.
2493 3671 2544 3716 2.
2571 3667 2715 3730 Lipa.
2749 3674 2808 3715 et
2841 3664 2989 3714 Port.
3011 3678 3042 3713 a

1981 3764 2051 3801 m.
2095 3764 2178 3812 pr.
2219 3748 2528 3799 intercalares
2567 3744 2806 3794 mensibus
2837 3744 3040 3805 interpo-

1979 3827 2148 3875 nendis
2169 3826 2398 3875 Florent.
2421 3821 2564 3872 Laid.
2583 3826 2629 3870 1.
2655 3820 2800 3871 Harl.
2813 3828 2870 3869 et
2891 3821 3042 3867 Voss.

1983 3906 2031 3951 2.
2051 3900 2414 3951 intercalaribus
2429 3898 2662 3949 mensibus
2669 3896 3040 3960 interponendis,

1979 3986 2041 4028 nt
2069 3978 2236 4028 Gron.
2271 3975 2503 4040 legebat,
2529 3974 2741 4023 Hearne
2773 3975 2826 4021 in
2868 3972 3037 4023 Oxou.

1979 4056 2042 4105 1..
2065 4070 2104 4105 1.
2125 4062 2334 4103 exstare
2367 4058 2609 4101 testatur.
2655 4049 2778 4099 vid.
2805 4052 2868 4099 ad
2891 4049 3038 4113 liujus

1977 4130 2069 4181 lib.
2085 4146 2132 4182 c.
2146 4134 2228 4181 58.
2245 4130 2337 4195 5⁸.
2369 4127 2584 4177 Plenius
2601 4128 2834 4177 aciatiua
2856 4125 2924 4174 de
2945 4127 3038 4174 boc

1979 4208 2092 4258 loco
2115 4207 2226 4271 egit
2241 4205 2294 4258 J.
2309 4206 2369 4255 F.
2385 4203 2695 4255 Gron.0ba.
2719 4217 2782 4253 ιι.
2801 4207 2880 4253 18.
2917 4202 3036 4250 vid.

1978 4284 2136 4334 etiam
2160 4282 2372 4334 Comei.
2407 4280 2588 4353 Vitell.
2625 4282 2676 4331 in
2710 4280 2901 4345 Georg.
2925 4280 3036 4330 Me·

1975 4362 2138 4411 rulant
2159 4374 2210 4423 p.
2229 4362 2346 4408 687.

2050 4437 2118 4487 Ut
2137 4436 2356 4487 uicesimo
2387 4450 2512 4486 anno
2537 4438 2604 4486 ad
2625 4442 2800 4489 mant
2829 4436 3032 4487 eamden
