3267 5250
1094 479 1589 538 wasnaum.
1614 559 1625 572 ἱ
2309 471 2488 540 5909

267 627 637 705 Exacturn,
667 631 789 694 aut
816 631 983 712 poto
1012 647 1316 714 raporum
1349 630 1600 698 semine
1632 630 1946 716 pulsum3

265 728 517 796 Infecti
548 729 782 796 dicens
813 731 933 796 vix
966 739 1229 815 septem
1260 751 1467 818 posse
1500 733 1742 798 diebus

259 831 501 898 Vitam
531 833 848 919 produci.
934 835 1161 903 Tanta
1190 840 1297 900 est
1328 834 1645 901 violentia
1673 835 1916 902 morbi.

344 934 433 1001 Q.
464 933 679 997 Seren.
707 933 953 997 Samon.
976 935 1057 996 de
1084 935 1315 998 Medic.
1340 957 1397 998 c.
1424 941 1525 998 39.
1552 957 1613 997 v.
1639 943 1783 1001 725.
1809 957 1900 1018 sq.

1158 1125 1371 1178 LIBRI
1420 1127 1614 1178 ΟΧΙΙ.

348 1179 599 1296 Castra
627 1249 905 1316 quoque
935 1228 1227 1296 diversis
1254 1231 1565 1316 partibus
1592 1230 1878 1318 Cassius
1899 1239 1972 1298 et
1993 1231 2234 1318 Bogud
2255 1235 2478 1304 adorti

248 1329 439 1395 haud
474 1332 762 1397 multum
792 1332 1089 1411 ebihere,
1118 1333 1283 1417 quin
1312 1351 1543 1418 opera
1552 1343 2080 1420 perrumperent.

344 1432 515 1512 Quo
544 1445 847 1518 tempore
874 1429 1181 1501 firmandi
1212 1438 1393 1522 regni
1424 1436 1734 1521 Bogudis
1762 1457 1974 1504 causa
2002 1441 2376 1507 exercitum
2405 1441 2478 1508 in

250 1533 570 1602 Africam
601 1537 927 1603 velociter
958 1537 1263 1622 trajicere
1293 1546 1575 1605 conatus
1604 1539 1714 1605 sit.

344 1637 640 1705 cassius
669 1641 998 1724 gessisset
1025 1661 1181 1707 cum
1210 1641 1551 1709 Trebonio
1580 1643 1854 1724 bellum,
1874 1643 1934 1708 si
1964 1641 2318 1730 Bogudem
2341 1655 2473 1714 tra-

246 1741 417 1806 here
448 1743 521 1806 in
550 1743 939 1808 societatem
970 1743 1211 1810 furoris
1242 1746 1595 1830 potuisset.

338 1841 645 1904 Priscian.
674 1842 949 1906 Graium.
978 1843 1082 1906 lib.
1114 1861 1209 1907 vl.
1238 1865 1297 1927 p.
1322 1851 1467 1908 686.
1492 1855 1556 1906 et
1577 1852 1722 1910 687.

982 2075 991 2084 .
1123 2037 1331 2087 minu
1381 2037 1606 2086 cxnl.

340 2135 436 2203 Et
462 2139 615 2222 ipse
642 2139 827 2204 circa
855 2137 1127 2224 Pulpud
1160 2161 1345 2206 oram
1376 2143 1706 2208 tuebatur.

332 2238 645 2300 Priscian.
672 2239 717 2301 l.
745 2240 789 2300 l.
816 2241 921 2322 qui
946 2241 1128 2302 etiam
1164 2242 1271 2304 lib.
1306 2259 1372 2305 v.
1400 2263 1460 2324 p.
1487 2250 1631 2304 643.
1659 2243 1859 2316 docet,
1912 2253 1930 2282 ⁴
1959 2243 2194 2309 Livium
2222 2246 2468 2330 Bogud,

252 2335 543 2418 Bogudis
570 2337 902 2400 declinasse
927 2339 987 2400 iu
1016 2341 1248 2403 extu?
1288 2341 1401 2402 nisi
1428 2340 1549 2422 leg.
1580 2342 1793 2406 CXII.

1100 2530 1305 2579 usin
1358 2530 1644 2580 cxvnl.

336 2628 699 2697 Adversus
729 2633 1189 2701 interfectores
1214 2634 1293 2703 G.
1320 2634 1618 2704 Gaesaris
1644 2636 1971 2702 ultoribus
1993 2653 2259 2703 manum
2283 2654 2467 2703 eom·
2549 2696 2555 2701 .

246 2760 510 2823 parans
540 2745 887 2811 concibat.

329 2841 637 2903 Priscian.
665 2844 937 2909 Gramm.
962 2863 1062 2907 lx.
1090 2868 1149 2930 p.
1174 2854 1315 2911 865.
1350 2850 1453 2911 ubi
1494 2847 1704 2909 male'
1688 2869 1750 2909 in
1780 2848 1930 2910 Mss.
1961 2848 2178 2927 legitur
2201 2868 2272 2909 ex
2299 2849 2468 2909 Livia·

246 2938 405 2999 libro
434 2940 674 3002 XIIX.
700 2952 763 3003 et
790 2942 1045 3006 XVIII.
1086 2954 1147 3005 et
1168 2946 1466 3008 XCVIII.
1547 2944 1651 3008 ef.
1685 2943 1899 3007 Barth.
1941 2945 2214 3006 Graium.
2263 2962 2327 3005 v.
2361 2952 2463 3007 35.

242 3044 307 3095 et
326 3036 407 3099 ad
434 3036 599 3100 Stat.
624 3038 817 3101 Theb.
848 3058 945 3103 lv,
972 3048 1111 3104 146.

1076 3219 1291 3271 LIBRI
1340 3218 1656 3271 CXXVI!-

332 3316 689 3399 Quoniam
735 3321 905 3387 inter
940 3320 1323 3407 Augustum
1366 3330 1441 3387 et
1478 3321 1845 3389 Antonium
1893 3320 2192 3407 reliquiae
2238 3318 2462 3386 adhuc
2593 3320 2599 3325 ’

244 3429 446 3487 erant
494 3422 964 3505 dissensionis,
1007 3423 1343 3491 Cocceius
1385 3422 1644 3503 Nerva,
1683 3444 1978 3512 proavus
2019 3424 2297 3503 Nervoe,
2341 3422 2462 3507 qui

239 3532 501 3607 postea
544 3525 913 3612 imperavit
958 3528 1223 3608 Roman,
1264 3526 1617 3595 mandavit
1662 3527 2000 3613 Augusto,
2042 3533 2116 3595 ut
2161 3528 2464 3593 mitteret

240 3626 717 3710 Tarracinam,
747 3632 865 3715 qui
893 3631 977 3697 de
1008 3650 1272 3697 summa
1298 3648 1515 3698 rerum
1544 3637 1926 3703 metarent-
1999 3632 2180 3716 Ergo
2207 3630 2461 3695 missus

238 3736 351 3795 est
376 3730 741 3799 Maecenas
772 3753 927 3800 cum
958 3732 1285 3821 Agrippa,
1314 3734 1431 3821 qui
1460 3740 1820 3820 utrumque
1849 3736 2232 3802 exercitum
2255 3732 2462 3819 juxta

240 3832 687 3901 Brundisium
724 3836 797 3901 in
826 3857 961 3904 nna
988 3843 1211 3905 castra
1238 3858 1397 3906 cum
1426 3858 1672 3923 magna
1699 3839 1942 3907 laetitia
1969 3837 2356 3923 coegerunt,
2386 3840 2462 3899 ut

238 3936 343 4001 ait
365 3934 611 4002 Livius
636 3936 811 4004 libro
838 3954 1147 4006 cxxvn.
1218 3939 1740 4025 Intelligendum
1766 3949 2020 4021 autem,
2051 3939 2257 4025 quod,
2284 3938 2459 4003 Fon-

236 4041 381 4104 teio
408 4038 629 4105 misso
657 4040 747 4106 ab
772 4041 1097 4121 Antonio,
1119 4042 1480 4129 Augustus
1508 4042 1960 4111 Maecenatem
1989 4050 2062 4109 et
2079 4050 2344 4109 ceteros
2365 4040 2458 4107 ad

237 4142 527 4207 eundem
556 4143 789 4209 locum
821 4146 1139 4213 emiserit.

324 4242 520 4319 Acro,
549 4244 929 4328 Porphyrio,
952 4256 1015 4308 et
1038 4256 1465 4311 commentator
1490 4256 1661 4311 vetus
1681 4246 1936 4331 cruquii
1962 4244 2042 4309 ad
2070 4245 2294 4309 Horat.
2323 4244 2458 4311 Sat.

240 4355 288 4411 ι,
316 4346 379 4403 ὅ.
401 4348 505 4405 29.
530 4344 736 4407 verbis
762 4343 1009 4429 paulum
1044 4345 1430 4431 mintibus.
