3267 5250
823 487 1000 554 6⁰30
1748 501 2101 554 nni-oum

823 650 1012 728 bant,
1071 647 1312 714 bellum
1367 645 1693 714 advorsus
1734 647 2078 716 Gaesarem
2138 649 2505 716 renovavit.
2606 648 3019 730 Pharnaces,

827 749 1248 818 Mithridatis
1275 749 1483 830 filius,
1511 769 1632 816 rex
1664 749 1952 831 Ponti‚¹²
1996 751 2147 820 sine
2178 751 2319 818 ulla
2364 751 2529 818 belli
2566 771 2761 818 mora
2794 753 3019 818 victus

825 859 953 920 ost.
1040 851 1216 920 Cum
1246 853 1616 919 seditiones
1650 851 1895 922 Romae
1926 872 1971 919 a
1990 853 2079 921 P.
2102 853 2462 921 Dolabella
2482 855 2747 922 tribuno
2773 855 3023 940 plebis,

824 957 1042 1040 legem
1087 957 1330 1022 ferente
1359 955 1446 1020 de
1475 955 1675 1020 novis
1718 955 1991 1034 tabulis,
2030 957 2345 1022 excitatae
2398 961 2645 1033 esseut,
2688 961 2759 1022 et
2804 975 2898 1022 cx
2942 976 3027 1022 ea

824 1072 1034 1124 causa
1062 1058 1254 1144 plebs
1283 1058 1822 1136 tumultuaretur,
1852 1058 2146 1124 inductis
2178 1077 2223 1124 a
2252 1057 2354 1124 M.
2379 1058 2678 1126 Antonio
2704 1060 3029 1144 magistro

828 1161 1134 1244 equitum
1161 1161 1230 1226 in
1261 1159 1514 1226 Urbem
1545 1163 1897 1239 militibus,
1928 1161 2293 1244 octingenti
2337 1182 2376 1226 e
2418 1162 2619 1248 plebe
2644 1161 2819 1227 caesi
2849 1166 3027 1226 sunt.

827 1259 1065 1327 Gaesar
1118 1264 1450 1328 veteranis
1501 1283 1657 1328 cum
1710 1263 2051 1330 seditione
2097 1265 2481 1330 missionem
2528 1265 3029 1350 postulantibus

827 1363 1058 1446 dedit3
1101 1371 1191 1443 et,
1219 1385 1374 1430 cum
1403 1369 1471 1430 in
1499 1363 1805 1432 Africam
1832 1367 2235 1452 trajecisset,
2280 1373 2521 1433 contra
2544 1366 2789 1452 copias
2818 1365 3027 1432 Jubae

825 1467 1004 1550 regis
1025 1487 1184 1534 cum
1212 1467 1599 1534 discrimine
1624 1488 1872 1552 >magno
1900 1469 2251 1553 pugnavit.

1740 1632 2101 1656 ΝΟΜ

827 1747 993 1799 Gron.
1013 1745 1232 1810 Donjat.
1293 1749 1512 1814 Pompeii
1533 1750 1808 1816 Manifl.
1830 1750 1953 1802 edd.
1976 1758 2101 1802 ante
2122 1751 2435 1812 Signum—12
2467 1749 2485 1778 ‘
2502 1749 2588 1800 Ea·
2608 1751 2771 1800 Ponto
2796 1749 3033 1816 plerique

826 1814 959 1864 Mu.
993 1817 1050 1862 et
1086 1813 1212 1864 edd.
1231 1823 1354 1866 ante
1377 1817 1620 1879 Mogont.
1690 1817 1849 1867 Forte
1874 1817 1977 1882 leg.
1997 1819 2053 1866 in
2091 1817 2268 1881 Ponto,
2306 1815 2396 1882 (ut
2420 1829 2507 1881 ap.
2532 1815 2689 1868 Oros.
2706 1829 2785 1866 vi.
2806 1815 2919 1881 16.)
2950 1815 3035 1866 vel

827 1893 919 1929 rex
940 1877 1165 1942 Bospori,
1184 1881 1268 1932 vel
1289 1882 1422 1944 regie
1442 1880 1635 1932 Ponti.'
1670 1881 1897 1946 Rupert.

1664 2147 1849 2214 LIB.
1910 2145 2187 2214 cxlv.

916 2333 1186 2401 Bellum
1213 2335 1284 2400 in
1313 2334 1506 2422 Syria
1536 2333 1859 2402 Caecilius
1890 2335 2175 2415 Bassus,
2204 2351 2415 2420 eques
2444 2292 2799 2401 Romanus
2828 2335 3033 2402 Pom-

719 2425 725 2446 '
828 2437 1226 2522 peianarum
1293 2438 1606 2523 partium,
1664 2439 2023 2516 excitavit,
2074 2437 2308 2503 relicto
2332 2444 2381 2484 ¹³
2456 2456 2501 2502 a
2552 2436 2812 2522 legione
2870 2439 3032 2505 Sex.

829 2537 1126 2619 Caesare,
1157 2559 1313 2624 quae
1357 2539 1444 2605 ad
1474 2539 1761 2605 Bassum
1790 2540 2166 2618 transierat,
2198 2538 2565 2623 occisoque
2600 2559 2704 2605 eo.
2794 2541 3037 2607 Caesar

830 2640 1213 2726 Scipionem
1287 2648 1661 2727 praetorem,
1688 2649 1743 2691 ⁸4
1809 2640 2164 2707 Afranium
2234 2640 2631 2727 Iubamque
2698 2645 2869 2709 vicit
2946 2642 3032 2712 ad

829 2742 1205 2829 Thapsum,
1255 2744 1496 2809 castris
1556 2762 1790 2810 eorum
1839 2744 2267 2829 expugnatis.
2372 2742 2569 2821 Cato,
2636 2746 2877 2812 audita
2944 2764 3035 2827 re,

831 2864 986 2911 cum
1013 2866 1086 2911 se
1111 2845 1570 2931 percussisset
1589 2846 1847 2925 Uticae,
1870 2854 1961 2925 et,
1984 2845 2455 2911 interveniente
2476 2846 3039 2937 filio,.curaretur,

831 2948 998 3014 inter
1023 2950 1264 3034 ipsam
1313 2951 1727 3015 curationem
1771 2948 2062 3015 rescisso
2100 2949 2379 3014 vulnere
2420 2951 2822 3035 exspiravit,
2852 2972 3035 3017 anno

832 3050 1056 3117 aetatis
1095 3049 1612 3135 quadragesimo
1662 3058 1935 3116 octavo.
2024 3050 2335 3117 Petreius
2375 3049 2422 3118 J
2427 3053 2631 3117 ubam
2674 3073 2889 3137 seque
2933 3055 3037 3119 in-

831 3150 1104 3217 terfecit.
1190 3151 1296 3218 P„
1323 3152 1558 3238 Scipio
1610 3152 1681 3216 in
1724 3172 1895 3219 nave
1950 3152 2437 3220 circumventus
2494 3154 2792 3221 honestae
2834 3158 3041 3224 morti

831 3272 1072 3319 vocem
1123 3274 1395 3341 quoque
1443 3254 1725 3341 adjecit:
1747 3262 1798 3303 ¹⁵
1843 3257 2299 3342 quaerentibus
2348 3258 2520 3322 enim
2567 3255 3037 3345 imperatorem
3094 3274 3101 3280 '

833 3354 1141 3421 hostibus
1197 3356 1398 3437 dixit,
1442 3363 1462 3395 ⁴
1494 3356 1869 3444 Imperator
1917 3358 2083 3424 bene
2140 3378 2217 3423 se
2270 3358 2524 3427 habet!
2611 3362 2911 3429 Faustus
2964 3370 3037 3429 et

834 3456 1162 3525 Afranius
1189 3460 1419 3527 occisi.
1505 3460 1796 3527 Catonis
1846 3462 1989 3528 filio
2026 3462 2231 3527 venia
2270 3462 2457 3528 data.
2545 3464 2823 3545 Brutus,
2850 3466 3037 3549 lega-

835 3566 951 3627 tus
998 3558 1316 3643 Caesaris,
1367 3563 1436 3627 in
1481 3562 1709 3629 Gallia
1781 3562 2196 3631 Bellovacos
2268 3564 2666 3633 rebellantes
2726 3570 2967 3653 praelio
2986 3568 3040 3611 ¹⁶

834 3663 1024 3730 vicit.

905 3882 966 3931 1⁸
1003 3880 1072 3929 Et
1095 3886 1410 3945 proepouuut
1430 3880 1552 3931 edd.
1573 3888 1697 3932 ante
1718 3881 1895 3943 sigon.
1926 3884 2056 3933 Mox
2080 3884 2367 3935 mcci.-
2399 3885 2639 3949 occisoque
2656 3900 2731 3947 eo,
2756 3888 3040 3953 Casu-,gw-

839 3944 1005 3996 Gron.
1029 3946 1247 4009 Doujat.
1313 3948 1330 3975 ‘
1350 3947 1466 3996 Vox
1487 3962 1542 3996 eo
1561 3945 1705 3996 forte
1726 3947 1831 3998 del.
1856 3954 1949 3999 aut
1970 3952 2073 4013 leg.
2096 3964 2215 4000 eum
2240 3950 2415 4000 Peris-
2435 3950 2639 4015 (Anim.
2667 3952 2805 4001 mut.
2828 3968 2876 4003 e.
2898 3960 2950 4005 4.
2982 3970 3036 4019 p.

843 4014 954 4060 176.
977 4008 1083 4075 sq.)
1114 4012 1264 4063 occiso
1285 4026 1354 4067 eo,
1387 4011 1470 4062 vel
1503 4018 1620 4061 curri
1649 4013 1818 4064 Drak.
1839 4016 2093 4079 occisoque.
2130 4016 2200 4065 Et
2223 4016 2305 4066 vel
2332 4016 2390 4066 C.
2416 4016 2581 4065 Cesar
2602 4016 2712 4067 cet-³
2746 4018 3039 4081 Ruperu—

840 4078 904 4124 14
921 4076 1459 4139 Prooonademlegend.
1478 4083 1633 4141 putat
1654 4076 1818 4128 Gron.
1877 4080 2021 4130 robb.
2040 4080 2205 4131 Drak.
2222 4088 2279 4131 et
2298 4081 2473 4130 Perit.
2489 4080 2588 4130 nisi
2610 4081 2756 4130 malis
2772 4083 3036 4145 Petreium,

841 4152 946 4189 nou
967 4140 1185 4205 improb.
1211 4142 1564 4219 Rupere-715
1589 4142 1815 4193 Videtur
1885 4146 2099 4221 ronoyio
2118 4145 2375 4199 excidisse
2390 4160 2557 4210 pam
2570 4155 2662 4199 aut
2676 4148 3036 4201 moden.

839 4207 974 4254 —16
1003 4204 1090 4257 Ab
1113 4206 1235 4257 edd.
1257 4214 1381 4259 ante
1400 4208 1578 4272 Sigon.
1597 4208 1783 4260 aberat
1803 4208 1864 4257 τὸ
1880 4212 2067 4274 prelio.
