3267 5250
935 503 1337 557 sinuosum
1390 505 1609 556 mvn.
2198 489 2378 556 m

192 649 589 736 Cisalpinam
618 639 927 718 Galliam
954 649 1259 718 Antonio
1286 649 1661 728 obsisteret,
1697 647 2038 716 Mutinam
2069 669 2224 716 cum
2253 669 2372 716 ex-

192 757 386 822 ercitu
411 753 798 839 occupavit.
890 753 1231 820 Praeterea
1258 753 1603 818 discursus
1643 753 1994 836 utriusque
2025 753 2238 836 partis
2271 753 2378 819 vi«

188 877 391 922 rorum
419 855 509 924 ad
534 855 979 942 accipiendas
1022 855 1408 941 provincias
1458 863 1964 941 apparatusque
2007 852 2172 920 belli
2215 873 2373 922 con·

194 959 367 1025 tinet.

976 1141 1159 1210 LIB.
1220 1137 1581 1212 CXVIII.

264 1329 359 1398 Μ.
390 1329 649 1396 Brutus
689 1331 763 1396 in
807 1329 1078 1397 Graecia
1116 1331 1249 1396 sub
1286 1335 1621 1415 proetextu
1669 1330 2064 1417 reipublicae
2113 1336 2181 1397 et
2225 1349 2377 1398 sus-

193 1436 359 1518 cepti
400 1443 639 1502 contra
690 1435 793 1502 Μ.
825 1432 1205 1500 Antonium
1251 1434 1442 1514 belli,
1469 1435 1857 1512 exercitum,
1896 1437 2010 1502 cui
2055 1433 2381 1502 Vatinius

192 1545 480 1622 praeerat,
519 1559 679 1604 cum
726 1537 1081 1622 provincia
1118 1539 1190 1603 in
1238 1543 1640 1624 potestatem
1691 1559 1886 1605 suam
1929 1539 2208 1620 redegit.
2301 1539 2380 1605 C.

194 1641 461 1720 Gaesari,
508 1643 629 1725 qui
672 1642 933 1726 primus
977 1641 1371 1726 reipublicae
1393 1640 1420 1679 ⁸
1460 1660 1650 1707 arma
1691 1649 2043 1720 sumserat,
2075 1660 2377 1726 proprae-

194 1745 343 1809 toris
368 1746 724 1828 imperium
756 1764 799 1810 a
830 1751 1069 1810 senatu
1104 1744 1339 1812 datum
1366 1749 1475 1810 est
1502 1763 1662 1810 cum
1689 1745 2158 1810 consularibus
2185 1764 2386 1810 orna-

193 1845 445 1926 mentis,
486 1845 985 1930 adjectumque,
1030 1852 1107 1911 ut
1156 1855 1427 1914 senator
1470 1852 1678 1913 esset.
1767 1844 1871 1911 Μ.
1902 1845 2246 1912 Antonius
2293 1847 2384 1912 D.

195 1949 461 2022 Brutum
492 1947 787 2012 Mutiuae
812 1948 1121 2030 obsedit3
1161 1948 1492 2035 missique
1522 1949 1611 2016 ad
1650 1968 1809 2015 eum
1831 1968 1876 2014 a
1907 1956 2150 2015 senatu
2179 1951 2396 2033 legati¹

196 2051 267 2116 de
290 2069 461 2134 pace
484 2065 729 2134 parum
758 2049 848 2116 ad
872 2069 1023 2115 eam
1050 2051 1589 2136 componendam
1611 2051 1990 2127 valuerunt.
2070 2051 2384 2138 Populus

198 2151 537 2218 Romanus
568 2171 741 2234 saga
768 2155 1031 2219 sumsit.
1119 2151 1221 2219 Μ.
1257 2152 1512 2220 Brutus
1544 2156 1617 2220 in
1661 2153 1874 2239 Epiro
1903 2154 1982 2220 C.
2013 2152 2385 2222 Antonium

196 2261 529 2340 praetorem
558 2273 712 2322 cum
741 2256 1051 2321 exercitu
1081 2257 1410 2341 potestati
1450 2276 1594 2324 suae
1625 2257 1948 2344 subjecit.

1101 2401 1469 2426 ‘ummm

254 2491 285 2538 8
313 2487 449 2538 ‘Pro
464 2487 650 2552 prinus
666 2487 790 2552 reip.
810 2501 926 2538 cum
948 2487 1125 2552 Sigon.
1150 2488 1253 2552 leg.
1272 2503 1361 2552 pro
1380 2503 1481 2554 rep.
1503 2494 1596 2538 aut
1635 2486 1811 2551 potius
1833 2500 1951 2538 cum
1977 2485 2142 2538 Grou.
2165 2494 2221 2538 et
2244 2487 2390 2538 Duk-

198 2552 401 2616 primun
435 2551 775 2619 (privatoque
806 2554 1023 2633 consilio
1046 2563 1113 2633 et.
1134 2553 1339 2617 sumtu)
1365 2569 1455 2618 pro
1486 2551 1615 2633 sep-⁹
1649 2553 1919 2633 Rupes-t...
1939 2553 2069 2602 Mox
2111 2567 2200 2616 pro
2216 2553 2390 2616 populo

202 2618 1179 2749 &galeaeaemsffinee
1214 2626 1559 2686 propretom3
1606 2626 1664 2669 et
1699 2621 1946 2683 prator-n·
1985 2633 2168 2669 man.
2210 2619 2392 2671 mallet

1025 2948 1214 3016 LIB.
1270 2948 1561 3017 CXIX.

280 3134 358 3201 C.
382 3134 771 3204 Trebonius
814 3134 887 3203 in
932 3134 1108 3207 Asia
1151 3138 1387 3219 fraude
1433 3137 1517 3204 P.
1544 3135 1928 3203 Dolabellae
1961 3136 2233 3203 occisus
2268 3139 2400 3201 est·

208 3235 303 3303 Ob
325 3238 400 3303 id
418 3238 685 3305 facinus
716 3237 1079 3307 Dolabella
1102 3242 1319 3310 hostis
1343 3259 1388 3306 a
1414 3245 1646 3305 senatu
1663 3238 2020 3324 iudicatus
2039 3245 2162 3305 est.
2225 3236 2398 3305 Cum

206 3338 421 3406 Pansa
444 3342 687 3407 consul
724 3342 905 3407 male
924 3342 1251 3411 adversus
1278 3340 1648 3409 Antonium
1675 3350 2075 3425 pugnasset,
2117 3339 2209 3406 A.
2235 3340 2400 3405 Hir-

206 3443 321 3507 tius
362 3444 603 3509 consul
646 3461 801 3509 oum
840 3450 1145 3513 exercitu
1196 3443 1698 3533 superveniens,
1738 3443 1914 3509 susis
1967 3443 2072 3511 Μ.
2111 3442 2400 3510 Antonii

208 3548 443 3630 copiis,
478 3545 821 3613 fortunam
852 3550 1207 3636 utriusque
1236 3550 1447 3635 partis
1477 3546 1800 3631 aequavit.
1885 3545 2142 3613 Victus
2161 3545 2404 3613 deinde

205 3648 283 3711 ab
312 3646 549 3712 Hirtio
598 3655 669 3713 et
707 3649 979 3716 Cessare
1016 3651 1361 3719 Antonius
1388 3652 1460 3715 in
1490 3649 1788 3715 Galliam
1819 3648 2146 3731 confugit,
2185 3656 2256 3714 et
2297 3646 2406 3713 M.

160 3790 169 3801 ·
206 3747 526 3833 Lepidum
556 3768 711 3815 cum
741 3748 1149 3833 legionibus,
1194 3772 1353 3839 qum
1382 3752 1511 3815 sub
1542 3732 1696 3835 ip'so
1725 3758 1944 3824 erant,
1973 3750 2102 3815 sibi
2121 3750 2408 3835 junxit}

206 3848 553 3935 hostisque
600 3870 646 3917 a
691 3862 931 3919 senatu
972 3876 1125 3922 cum
1169 3855 1503 3927 omnibus,
1538 3852 1661 3938 qui
1695 3852 1871 3919 intra
1897 3852 2222 3937 praesidia
2251 3852 2404 3937 ejus

208 3962 446 4032 essent,
489 3953 837 4039 judicatus
866 3962 990 4024 est.
1072 3960 1161 4025 A.
1206 3956 1495 4035 Hirtius,
1536 3956 1698 4041 quia
1740 3963 1908 4040 post
1945 3957 2299 4021 victoriam
2329 3957 2402 4021 in

210 4056 367 4139 ipsis
412 4055 707 4122 hostium
756 4062 999 4125 castris
1043 4061 1435 4139 ceciderat,⁹
1480 4066 1550 4126 et
1601 4059 1684 4125 G.
1725 4057 1976 4137 Pansa,
2019 4079 2059 4123 e
2107 4058 2400 4135 vulnere,

214 4156 383 4241 quod
427 4155 501 4223 in
550 4157 841 4225 adverso
870 4163 1112 4247 proelio
1161 4169 1550 4250 exceperat,
1600 4161 1980 4240 defunctus,
2023 4160 2092 4225 in
2141 4158 2406 4247 Campo

1124 4308 1483 4331 oecumenem

276 4407 309 4452 ⁹
338 4404 441 4461 Qui
452 4409 561 4468 pur
576 4406 696 4459 etet.
713 4418 847 4458 aaa
866 4408 921 4459 in
954 4409 1257 4463 inimieorum
1287 4411 1413 4463 ent.
1430 4424 1527 4481 ece.
1549 4410 1631 4475 ξε.
1655 4406 1778 4461 edd.
1801 4413 1924 4459 ante
1943 4406 2126 4475 Sigon.
2191 4406 2320 4460 Mox
2343 4406 2408 4457 L.
