3267 5250
864 471 1040 542 ⁵9oe
1781 489 2138 540 serrone.

864 641 1051 702 terea
1076 641 1303 718 gestas
1331 635 1660 702 adversus
1678 641 1728 675 ¹¹
1757 633 2087 714 Volscos,
2115 641 2186 700 et
2219 631 2607 711 Fidenates,
2632 644 2708 704 et
2739 635 3061 714 Faliscos,

866 736 1181 804 continet.

1783 835 1934 857 eme
1939 835 1991 856 Ν
1999 835 2150 857 ‘Um

862 953 947 1014 qe·
977 951 1142 1002 Grou.
1180 952 1397 1016 Donjnt.
1438 953 1728 1004 crem—lo
1764 954 1858 1004 Est
1893 953 1997 1004 det.
2031 954 2198 1004 Grun-
2235 953 2452 1018 Doujat.
2481 955 2772 1006 Crem—11
2807 955 3063 1006 mma

860 1016 1057 1070 habent
1078 1017 1212 1068 end.
1228 1025 1286 1068 et
1306 1031 1425 1068 cum
1446 1019 1642 1069 Stroth.
1662 1019 1900 1070 scribunt
1923 1019 2114 1071 Volsco·
2133 1025 2180 1072 ct
2209 1019 2440 1085 Veientes,
2463 1019 2741 1072 Fue-ares.

1812 1278 2005 1347 LIB.
2061 1277 2160 1346 V.

950 1465 1036 1532 In
1077 1464 1439 1532 obsidione
1473 1465 1798 1532 Veiorum
1829 1466 2286 1552 hybernacula
2315 1465 2644 1532 militibus
2673 1467 2866 1534 facta
2891 1474 3063 1532 sunt.

862 1566 968 1634 Ea
1011 1587 1119 1636 res
1162 1589 1314 1635 cum
1358 1577 1537 1634 esset
1577 1589 1784 1649 nova,
1813 1571 2339 1654 indignationem
2383 1569 2800 1636 tribunorum
2847 1569 3066 1655 plebis

862 1671 1101 1745 movit,
1125 1673 1541 1756 querentium
1572 1689 1706 1738 non
1749 1671 1895 1738 dari
1941 1673 2130 1758 plebi
2173 1691 2302 1738 nec
2329 1691 2450 1756 per
2477 1671 2782 1757 hyemem
2811 1673 3066 1738 militiae

858 1773 1179 1858 requiem.
1258 1773 1529 1858 Eqiiites
1560 1781 1707 1838 tum
1734 1774 2017 1858 primum
2045 1774 2237 1858 equis
2264 1776 2406 1840 suis
2425 1793 2678 1840 merere
2701 1781 3065 1860 coeperunt.

861 1873 1035 1941 Cum
1076 1875 1425 1942 inundatio
1466 1895 1556 1943 ex
1598 1876 1760 1941 lacu
1777 1882 1830 1916 ¹⁸
1877 1874 2148 1941 Albano
2194 1875 2382 1941 facta
2429 1883 2632 1954 esset,
2683 1886 2904 1954 vates,
2951 1877 3066 1961 qui

861 1996 1013 2043 eam
1042 1997 1180 2044 rem
1207 1978 1781 2062 interpretaretur,
1807 1977 1894 2043 de
1919 1977 2230 2043 hostibus
2251 1985 2300 2026 ¹³
2338 1991 2582 2064 captus
2607 1983 2730 2043 est.
2821 1979 3064 2046 Furius

760 2147 765 2152 ,
860 2079 1197 2146 Camillus
1234 2079 1529 2146 dictator
1575 2079 1808 2146 decem
1852 2099 2068 2145 annos
2107 2080 2426 2146 obsessos
2455 2078 2674 2146 Veios
2709 2083 2932 2166 cepit:
2979 2082 3069 2147 si·

858 2183 1230 2249 mulacrum
1278 2183 1327 2249 J
1330 2183 1571 2249 nnonis
1624 2183 1924 2250 Romam
1984 2185 2364 2250 transtulitz
2425 2182 2760 2248 decimam
2810 2191 3066 2268 partem

856 2285 1110 2370 praedae
1156 2285 1463 2369 Delphos
1504 2283 1820 2370 Apollini
1857 2285 2066 2350 misit.
2157 2283 2352 2351 Idem
2397 2285 2710 2350 tribunus
2751 2286 3064 2362 militum,

856 2405 1015 2452 cum
1062 2386 1373 2452 Faliscos
1412 2387 1770 2466 obsideret,
1797 2387 2110 2472 proditos
2137 2386 2434 2454 hostium
2461 2387 2644 2454 filios
2673 2389 3067 2472 parentibus

856 2489 1153 2556 remisit:
1196 2491 1555 2574 statimqne
1600 2488 1951 2557 deditione
1993 2491 2197 2569 facta,
2247 2490 2668 2556 Faliscorum
2715 2490 3067 2556 victoriam

850 2590 1119 2677 justitia
1161 2601 1564 2659 consecutus
1596 2599 1762 2679 est..
1815 2591 1990 2659 Cum
2025 2593 2193 2661 alter
2221 2613 2314 2660 ex
2343 2593 2742 2659 censoribus
2773 2590 2919 2659 C.¹4
2941 2592 2990 2659 J
2993 2613 3070 2657 u·

854 2692 995 2759 lius
1038 2694 1468 2775 decessisset,
1498 2696 1567 2761 in
1607 2695 1839 2761 locum
1873 2694 2155 2781 ejusfl.
2185 2697 2542 2763 Cornelius
2573 2695 2897 2761 suffectus
2941 2704 3066 2761 est.

860 2794 1017 2861 Nec
1065 2796 1137 2862 id
1191 2808 1436 2882 postea
1484 2796 1736 2880 factum
1785 2804 1930 2879 est3
1987 2800 2307 2882 quoniam
2355 2818 2438 2863 eo
2487 2799 2702 2865 lustro
2750 2817 2795 2864 a
2839 2798 3068 2865 Gallis

858 2896 1085 2965 Roma
1127 2908 1329 2985 capta
1368 2908 1493 2967 est.
1582 2901 1831 2967 Furius
1875 2900 2228 2980 Camillus,
2255 2920 2412 2966 cum
2459 2903 2522 2966 ei
2549 2901 2704 2966 dies
2737 2922 2778 2969 a
2812 2902 2894 2967 L.
2927 2899 3068 2986 Ap·

856 3002 1092 3087 puleio
1112 3010 1165 3053 ¹5
1197 3006 1465 3070 tribuno
1494 3004 1716 3090 plebis
1745 3005 1932 3071 dicta
1963 3011 2174 3085 esset,
2205 3006 2274 3069 in
2305 3003 2586 3069 exilium
2621 3005 2815 3069 abiit.
2895 3003 3064 3069 Cum

858 3095 1164 3171 Senones
1196 3106 1378 3174 Galli
1404 3106 1716 3173 Clusium
1745 3107 2147 3186 obsiderent,
2171 3114 2243 3172 et
2269 3106 2499 3191 legati,
2530 3126 2572 3171 a
2601 3112 2846 3173 senatu
2877 3104 3068 3171 missi

858 3206 951 3271 ad
996 3209 1531 3293 componendam
1576 3211 1751 3275 inter
1793 3229 1912 3276 eos
1957 3218 2026 3275 et
2053 3208 2374 3274 Clusinos
2400 3228 2660 3293 pacem,
2688 3214 3066 3294 pugnantes

857 3316 1089 3377 contra
1142 3308 1381 3377 Gallos
1432 3312 1501 3377 in
1554 3314 1702 3377 acie
1759 3311 2190 3378 Clusinorum
2247 3313 2642 3393 stetissent3
2700 3312 2830 3377 hoc
2885 3312 3068 3376 facto

858 3430 1095 3476 eorum
1126 3414 1446 3479 concitati
1476 3415 1776 3479 Senones
1807 3414 2062 3481 Urbem
2090 3414 2340 3481 infesto
2369 3414 2670 3481 exercitu
2702 3414 3064 3498 petierunt,

854 3512 1154 3601 fusisque
1182 3516 1269 3581 ad
1300 3514 1551 3583 Alliam
1578 3518 1824 3583 fiumen
1856 3516 2211 3597 Romanis,
2241 3536 2479 3601 cepere
2516 3515 2773 3582 Urbem
2815 3522 3070 3600 praeter

856 3613 1296 3703 Capitolium,
1347 3620 1417 3685 in
1470 3620 1660 3706 qnod
1711 3640 1788 3685 se
1835 3618 2162 3706 juventus
2220 3620 2599 3685 contulerat
2617 3638 2636 3685 t
2657 3615 2712 3659 ¹⁶
2774 3617 3066 3703 majores

855 3726 1045 3801 natu,
1080 3740 1233 3787 cum
1272 3722 1644 3807 insignibus
1691 3722 2040 3801 bonorum,
2086 3742 2264 3807 quos
2301 3722 2592 3807 quisque
2639 3724 2958 3803 gesserat,
2995 3720 3068 3784 in

856 3823 1204 3911 vestibulis
1252 3825 1501 3892 aedium
1546 3824 1877 3904 sedentes,
1905 3824 2312 3890 occiderunt.
2399 3822 2493 3889 Et
2529 3842 2682 3891 cum
2725 3842 2849 3906 per
2875 3840 3068 3889 aver·

856 3942 1007 3990 sam
1052 3935 1311 4013 partem
1356 3926 1688 4012 Capitolii
1723 3926 1870 4012 jam
1908 3926 1976 3992 in
2013 3946 2344 3993 summum
2377 3926 2778 4005 evasissent,
2808 3922 3066 4011 proditi

860 4028 1177 4117 clangore
1220 4050 1552 4114 anserum,
1578 4029 1681 4097 M.
1709 4028 1955 4097 Manlii
1981 4029 2326 4116 praecipue
2363 4048 2578 4118 opera
2606 4028 2857 4115 dejecti
2883 4032 3066 4093 sunt.

1772 4210 2135 4234 ”mnu

924 4330 989 4378 12
1020 4326 1083 4379 1·
1120 4329 1229 4381 lacu
1264 4326 1386 4382 edd.
1420 4332 1542 4381 ante
1578 4329 1634 4382 Si
1617 4344 1757 4395 r.gon
1759 4330 1938 4381 —18‘
1957 4328 2065 4381 Alii
2098 4328 2228 4379 Mu.
2255 4342 2336 4393 ex,
2360 4324 2678 4392 etplerique
2699 4338 2798 4390 per
2799 4336 3036 4388 perum«
3001 4322 3066 4374 ab

856 4392 1100 4448 Mu:
1130 4394 1489 4461 Κυμώ-14
1518 4396 1728 4450 Deerat
1763 4404 1888 4450 aute
1927 4396 2108 4461 sigon.
2149 4408 2216 4461 pr
2217 4407 2450 4449 nomen
2489 4393 2682 4443 (tw-16
2713 4390 2898 4456 Δμιιο
2935 4390 3064 4441 cdd.
