3267 5250
785 441 964 508 5912
1241 391 1250 402 .
1635 519 1647 530 .
1730 453 1818 507 fr.
1870 455 2053 504 mvn

789 601 1140 688 indignum
1199 599 1324 670 ina
1373 598 1659 666 foerninn
1706 599 2207 678 existimantes,
2258 603 2335 665 ut
2383 597 2581 664 Titus
2632 599 2751 677 nit,
2800 617 3009 686 quem

789 707 1148 773 consulatu
1167 705 1587 790 judicassent
1613 703 1911 788 dignum.

870 806 1050 868 Pint.
1075 807 1138 868 in
1161 806 1320 868 Vita
1341 805 1534 888 Syuae
1559 827 1622 888 p.
1648 813 1791 868 455.
1835 805 1939 869 Cf.
1978 803 2247 867 Freinsb.
2276 803 2495 887 suppl,
2520 819 2795 864 Lxxvu.
2822 809 2885 864 2.

875 907 1070 992 Sylla
1110 926 1260 974 curn
1290 907 1574 991 primum
1605 905 1696 972 ad
1725 905 1981 972 Urbem
2010 913 2247 972 contra
2278 904 2577 970 Marium
2608 911 2831 970 castra
2862 923 3009 968 mo·

789 1011 1022 1089 visset,
1052 1009 1227 1077 adeo
1271 1009 1434 1076 loetu
1473 1015 1637 1074 exta.
1680 1008 2061 1075 immolanti
2102 1007 2319 1074 fuisse
2366 1008 2607 1074 scribit
2638 1005 2900 1085 Livius,
2932 1011 3010 1072 ut

787 1109 1118 1180 custodiri
1164 1129 1242 1176 se
1291 1109 1691 1176 Postumius
1730 1113 2070 1196 haruspex
2112 1111 2417 1184 voluerit.
2458 1109 2703 1194 capitis
2749 1110 3011 1192 suppli-

791 1216 972 1284 cium
1017 1215 1376 1293 subiturus,
1407 1213 1537 1287 nisi
1581 1233 1695 1294 ea,
1725 1234 1884 1300 quae
1930 1215 2003 1280 in
2033 1215 2263 1282 animo
2291 1213 2485 1298 Sylla
2514 1213 2813 1294 haberet,
2846 1211 3009 1278 Diis

783 1317 1193 1403 juvantibus
1221 1315 1682 1400 implevisset:

723 1409 748 1422 “
878 1416 1200 1498 Aug-nstin.
1225 1415 1304 1477 de
1326 1416 1466 1478 civ.
1497 1414 1618 1477 Dei
1648 1433 1727 1478 11.
1754 1423 1855 1478 24.
1900 1415 2001 1478 cf.
2031 1416 2203 1478 Plut.
2233 1417 2273 1478 Ι.
2306 1417 2347 1478 1.
2378 1437 2439 1498 p.
2460 1423 2602 1480 457.

1552 1617 1660 1667 AD
1714 1618 1861 1666 [AB.
1907 1616 2263 1668 Lxxxui.

885 1733 1162 1806 Eversis
1200 1739 1456 1824 quippe
1495 1743 1564 1804 et
1601 1737 1895 1804 incensis
1936 1737 2249 1803 omnibus
2290 1756 2445 1802 cum
2490 1738 2747 1821 oppido
2778 1736 2933 1816 (Ilio
2972 1758 3015 1798 a

796 1836 1090 1918 Fimbria)
1121 1841 1525 1922 simulacris,
1553 1841 1773 1906 solum
1808 1841 2135 1906 Minervae
2178 1839 2611 1908 simulacrum
2652 1843 2783 1906 sub
2820 1847 3015 1906 tanta

797 1940 994 2008 ruina
1023 1944 1258 2030 templi
1285 1943 1492 2023 illius,
1521 1950 1596 2010 ut
1624 1945 1866 2010 scribit
1893 1943 2155 2022 Livius,
2186 1943 2515 2028 integrum
2547 1943 2822 2010 stetisse
2863 1963 3015 2029 per-

796 2043 1086 2110 bibetur.

879 2143 1205 2225 Augustin.
1245 2146 1324 2207 de
1380 2145 1517 2208 civ.
1559 2144 1682 2206 Dei
1726 2161 1836 2206 111.
1881 2154 1944 2210 7.
2026 2145 2129 2208 Cf.
2166 2145 2329 2227 Epit.
2374 2155 2439 2207 et
2478 2144 2748 2208 Freinsh.
2796 2145 3012 2228 suppl.

803 2257 1063 2304 Lxxnl.
1091 2252 1152 2309 ’7.
1213 2249 1438 2306 Auctor
1461 2245 1540 2306 de
1568 2243 1705 2305 Vir.
1735 2242 1847 2305 Ill.
1874 2265 1931 2306 c.
1959 2249 2061 2308 70.
2128 2243 2405 2328 Appisn.
2432 2245 2493 2305 b.
2522 2243 2799 2306 Mithrid.
2826 2265 2883 2306 c.
2910 2251 3013 2305 53.

805 2348 868 2400 et
891 2345 993 2402 61.
1039 2340 1268 2422 Obseq.
1295 2341 1372 2403 de
1396 2339 1592 2404 Prod.
1619 2361 1677 2404 c.
1704 2347 1847 2402 116.

1657 2541 1759 2590 ΔΙ)
1808 2539 1879 2587 m
1896 2540 1956 2587 Β.
2004 2537 2166 2587 XO!-

893 2659 1053 2725 Hoc
1107 2660 1394 2745 primum
1448 2658 1758 2743 praelium
1814 2659 1993 2725 inter
2044 2660 2418 2727 Sertorium
2476 2668 2548 2725 et
2604 2660 3017 2747 Pompeium

801 2761 954 2827 fuit.
1044 2763 1304 2829 Decem
1349 2763 1568 2829 millia
1594 2762 1944 2829 homiuum
1972 2762 2059 2829 de
2090 2764 2404 2849 Pompeii
2434 2765 2731 2832 exercitu
2760 2768 3017 2831 amissa

799 2875 874 2931 et
903 2866 1130 2932 omnia
1157 2866 1660 2951 impedimenta,
1693 2866 1935 2933 Livius
1966 2874 2205 2934 auctor
2230 2877 2356 2933 est.

837 2986 849 2997 ·
891 2966 1162 3028 Frontin.
1194 2965 1383 3029 Strnt.
1413 2983 1493 3028 11.
1519 2974 1582 3029 5.
1609 2972 1711 3029 81.
1755 2966 1860 3032 Cf.
1891 2966 2163 3030 Freinsh.
2192 2968 2407 3051 Suppl.
2437 2986 2585 3033 κοί.
2620 2978 2719 3032 19.

1607 3166 1713 3215 An
1764 3167 1912 3215 mn.
1958 3166 2204 3217 xcvu.

888 3282 1202 3366 Triginta
1239 3284 1540 3369 quinque
1575 3284 1791 3351 millia
1829 3292 2235 3352 armatorum
2282 3285 2691 3365 (fugitivorum
2725 3284 2984 3347 &Crass

799 3383 1202 3464 devictorum)
1244 3406 1329 3453 eo
1369 3388 1606 3471 proelio
1650 3386 2007 3455 interfecta
2049 3409 2204 3455 cum
2244 3389 2419 3473 ipsis
2458 3389 2770 3469 ducibus,
2803 3387 3023 3467 (Casto

801 3494 866 3547 et
895 3484 1174 3549 Gannico
1208 3488 1308 3551 vel
1335 3488 1655 3569 Granico)
1688 3490 1927 3557 Livius
1966 3491 2187 3570 tradit,
2216 3498 2525 3577 receptas
2552 3494 2845 3579 quinque
2874 3490 3021 3556 Ro-

801 3608 1156 3655 manorum
1201 3592 1493 3679 aquilas,
1525 3594 1717 3679 signa
1761 3614 1888 3660 sex
1924 3600 1996 3660 et
2032 3594 2296 3679 viginti,
2327 3596 2539 3662 multa
2566 3596 2813 3684 spolia,
2842 3596 3021 3661 inter

807 3712 964 3777 quoe
995 3694 1294 3779 quinque
1319 3690 1548 3761 fasces
1577 3714 1732 3762 cum
1762 3698 2143 3763 securibus.

889 3792 1159 3858 Frontin.
1191 3794 1375 3857 Str-at.
1405 3812 1484 3857 11.
1513 3804 1572 3859 ὃ.
1601 3804 1713 3859 34..
1746 3797 1849 3859 Cf.
1876 3798 1957 3859 nd
1985 3798 2151 3881 Epit.
2181 3800 2313 3863 Liv.

1587 3997 1694 4046 AD
1745 3998 1894 4049 mn.
1942 3999 2228 4049 xovul.

911 4108 1155 4177 Livius
1205 4111 1400 4193 dicit,
1445 4134 1793 4201 nunquam
1843 4118 2193 4185 Romanos
2250 4118 2444 4203 signu
2502 4138 2655 4185 cum
2704 4118 3022 4185 hostibus

805 4211 1181 4279 contulisse
1229 4221 1416 4282 tanto
1469 4237 1753 4285 numero
1800 4220 2193 4286 inferiores:
2252 4240 2411 4285 nam
2460 4220 2853 4305 vigesimum
2899 4220 3023 4288 vix

804 4314 1096 4381 rnilitum
1127 4326 1418 4402 partem,
1449 4320 1656 4389 immo
1685 4324 2032 4404 minorem,
2060 4323 2277 4391 fuisse
2304 4324 2698 4393 victoribus.
