3267 5250
828 484 1009 554 5956
1747 505 2104 556 nrm-omn

826 644 1040 725 toriis‚
1072 651 1145 713 ut
1174 624 1787 730 Carthaginienses,
1821 648 1892 713 in
1934 649 2466 734 desperationem
2510 649 2676 730 acti,
2717 649 2790 716 in
2832 651 3022 718 auxi-

823 745 989 812 lium
1042 749 1336 832 publicae
1396 752 1638 818 salutis
1694 752 2146 818 Hannibalem
2197 773 2290 818 ex
2348 752 2562 820 Italia
2611 760 3022 820 revocarent.

766 885 773 892 ·
826 847 1058 934 Isque,
1106 871 1284 918 anno
1345 853 1606 919 decimo
1659 854 1910 920 sexto⁶
1953 855 2160 920 Italia
2204 855 2565 935 decedens,
2611 857 2682 921 in
2720 854 3020 922 Africam

824 951 1111 1036 traJecit‚
1148 956 1563 1040 tentavitque
1606 977 1728 1041 per
1759 956 2178 1040 colloquium
2221 978 2461 1043 pacem
2508 978 2661 1024 cum
2703 957 3048 1042 Scipione

826 1062 1273 1139 componere:
1318 1062 1409 1138 et,
1435 1078 1589 1124 cum
1618 1059 1702 1123 de
1733 1059 2228 1124 conditionibus
2261 1062 2456 1144 pacis
2501 1079 2636 1126 non
2669 1061 3022 1125 convenis·

825 1163 958 1234 set,
982 1159 1131 1225 acie
1170 1160 1395 1226 victus
1434 1170 1565 1226 est.
1654 1161 1808 1227 Pax
1842 1160 2505 1244 Carthaginiensibus
2555 1162 2720 1228 data
2765 1168 2872 1227 est
2908 1180 3025 1245 pe-

823 1259 1142 1327 tentibus.
1210 1261 1558 1329 Hannibal
1586 1253 1980 1345 Gisgonem,
2005 1283 2238 1348 pacem
2269 1259 2792 1343 dissuadentem,
2821 1281 3026 1328 manu

824 1379 950 1425 sua
978 1361 1313 1430 detraxit:
1360 1373 1690 1431 excusata
1719 1365 1966 1431 deinde
1998 1367 2371 1430 temeritate
2399 1366 2590 1443 facti,
2609 1366 2759 1450 ipse
2787 1383 3026 1450 pacem

824 1463 1061 1530 suasit.
1121 1465 1361 1552 Mago,
1392 1470 1509 1552 qui
1537 1467 1718 1532 bello
1749 1469 1818 1532 in
1848 1476 2052 1552 agro⁷
2101 1467 2486 1532 Insubrium
2517 1487 2672 1532 cum
2697 1466 3022 1558 Romanis

822 1565 1245 1647 conflixerat,
1275 1570 1690 1642 vulneratus,
1721 1569 1882 1634 dum
1921 1571 1995 1634 in
2025 1567 2334 1634 Africam
2371 1575 2496 1653 'per
2530 1569 2796 1652 legatos
2829 1586 3026 1634 revo-

822 1676 1019 1735 catus
1061 1672 1435 1752 revertitur,
1472 1691 1565 1737 ex
1594 1673 1860 1737 vulnere
1900 1679 2204 1737 mortuus
2233 1677 2363 1736 est.
2451 1671 2849 1737 Masinissae
2877 1689 3027 1753 reg·

819 1788 979 1836 num
1001 1774 1378 1840 restitutum
1408 1773 1565 1840 est.⁸
1657 1775 2002 1840 Reversus
2033 1775 2102 1839 in
2133 1773 2388 1840 Urbem
2419 1771 2653 1857 Scipio
2681 1771 3026 1856 amplissi-

819 1889 999 1939 mum
1029 1875 1649 1960 nobilissimumque
1677 1877 1816 1960 egit
1841 1875 2271 1960 triumphum,
2316 1895 2514 1961 quern
2546 1875 2635 1954 Q.
2663 1874 3022 1939 Terentius

822 1973 1059 2040 Culleo
1114 1987 1389 2043 senator
1443 1979 1746 2064 pileatus
1795 1986 2075 2044 secutus
2121 1984 2249 2044 est.
2364 1978 2596 2062 Scipio
2657 1975 3024 2042 Africanus

818 2077 1173 2158 (incertum
1202 2080 1476 2146 militari
1508 2083 1698 2166 prius
1725 2080 1979 2160 favore,
2005 2100 2094 2146 an
2121 2081 2434 2165 populari
2475 2099 2637 2146 aura
2672 2082 2766 2146 ita
2787 2088 2816 2132 ⁹
2858 2097 3024 2162 cog-

818 2180 1237 2266 nominatus)
1267 2184 1522 2268 primus
1561 2190 1739 2250 certe
1768 2185 1878 2250 hic
1917 2183 2284 2274 imperator
2320 2183 2524 2250 victae
2569 2202 2611 2248 a
2641 2201 2718 2248 se
2753 2182 3024 2246 nomine

808 2283 1032 2366 gentis
1056 2284 1451 2352 nobilitatus
1480 2291 1608 2352 est.

878 2473 905 2498 ⁸
936 2467 1075 2520 Pileo
1096 2473 1236 2534 capnt
1255 2475 1461 2534 oper-tm,
1480 2471 1618 2536 quom·
1637 2471 1690 2520 ia
1709 2468 1980 2520 libertatem
2009 2470 2280 2523 abdicatus
2302 2486 2335 2521 u
2355 2469 2596 2536 Scipione.

813 2700 979 2767 venen·
1018 2716 1067 2767 ei
1108 2716 1395 2773 transmisit,
1436 2732 1529 2781 quo
1568 2718 1756 2781 quidem
1799 2718 1968 2769 tumeo
2011 2716 2132 2767 edd.
2169 2722 2294 2766 ante
2331 2716 2610 2778 Sigara—0
2640 2712 2792 2765 Sexto
2831 2712 3018 2764 ded-0

814 2780 1178 2846 Kreyssige-v
1217 2784 1365 2845 Mago
1388 2783 1521 2839 bello.
1543 2796 1633 2847 quo
1655 2784 1708 2833 in
1727 2798 1848 2845 agro
1870 2784 1990 2833 edd.
2009 2791 2132 2833 ante
2149 2782 2426 2859 sigum—8
2459 2782 2540 2831 Ex
2563 2788 2692 2832 vett.
2715 2780 2843 2829 libb.
2872 2778 3017 2842 apud

810 2846 989 2909 Sigon.
1056 2847 1229 2897 Antea
1252 2850 1471 2898 deerant
1495 2850 1653 2898 verba
1693 2848 1964 2899 Mada-aea
1977 2862 2178 2911 regrum
2197 2852 2472 2897 retentatum
2489 2850 2578 2897 ent.
2647 2846 2776 2909 Sup.
2807 2850 3020 2921 reaequ-

811 2916 949 2961 retu·
982 2926 1077 2975 pro
1108 2913 1369 2963 revertitur
1404 2912 1569 2964 Gron.
1608 2914 1825 2977 Doujat.
1857 2916 2110 2965 Crem—9
2143 2915 2160 2941 ⁸
2179 2913 2339 2962 Forte
2358 2912 2474 2989 ,ἀοι
2506 2911 2600 2973 ita,
2632 2918 2690 2987 et
2722 2911 2798 2958 sic
2829 2908 3018 2957 disun-

812 2975 1103 3091 gneirdum:
1138 2978 1299 3043 Scipio
1316 2977 1593 3041 almum,
1609 2978 1847 3031 inem-n
1869 3014 1882 3031 .
1903 3014 1918 3031 .
1935 3013 1953 3032 .
1969 3012 1985 3031 .
2005 2993 2143 3043 auru,
2156 2981 2512 3041 cognom-ctu
2525 2992 2544 3027 .-
2571 2990 2761 3039 pnmuae
2771 2978 2902 3025 ceree
2911 2974 3020 3023 eet-⁹

872 3056 901 3091 u
942 3055 1017 3091 er·

1630 3298 1816 3375 12113.
1875 3308 2192 3376 XXXI.

894 3510 1069 3577 Belli
1098 3511 1424 3578 adversus
1448 3510 1850 3597 Philippum
1883 3510 2308 3578 Macedoniae
2339 3527 2582 3593 regem,
2603 3506 2789 3592 quod
2813 3503 3018 3571 inter-

806 3612 1086 3679 missum
1136 3619 1299 3691 erat,
1354 3614 1621 3698 repetiti
1673 3632 1904 3679 causae
1962 3613 2334 3678 referuntur
2357 3620 2410 3650 ¹⁰
2452 3611 2582 3676 hm.
2669 3607 3014 3690 Tempore

807 3715 1162 3782 Initiorurn
1184 3716 1209 3755 ⁸
1249 3715 1385 3781 duo
1420 3714 1708 3800 juvenes
1736 3713 2153 3793 Acarnanes,
2184 3715 2304 3798 qui
2346 3731 2480 3777 non
2509 3709 2756 3776 initiati
2791 3715 3015 3791 erant,

806 3816 1119 3884 Athenas
1150 3823 1493 3897 venerunt,
1524 3822 1590 3882 et
1619 3819 1689 3883 in
1715 3818 2084 3883 sacrarium
2115 3814 2373 3881 Cereris
2403 3834 2554 3880 cum
2585 3813 2742 3878 aliis
2785 3830 3018 3897 popu·

804 3918 1063 3986 laribus
1108 3920 1253 3987 suis
1279 3926 1327 3960 ¹¹
1372 3922 1801 3986 intraverunt.
1893 3920 2003 3985 Ob
2041 3918 2190 3995 hoc,
2234 3924 2554 4002 tanquam
2591 3914 2788 3980 nefas
2828 3932 3016 3979 sum·

868 4100 893 4137 ⁵
924 4103 1147 4170 Tempore
1160 4120 1253 4170 qno
1270 4102 1631 4157 celebrabuntur
1649 4120 1828 4156 arcuo
1851 4104 2042 4156 Cereris
2058 4120 2214 4155 nera.

867 4350 931 4397 1⁰
961 4344 1201 4404 feruntur
1220 4346 1387 4398 Gron.
1408 4348 1758 4413 Doujate-ll
1794 4350 1810 4379 ⁴
1830 4350 1880 4401 P
1937 4347 2150 4398 alaribus
2161 4344 2262 4395 suis
2277 4359 2344 4394 ex
2363 4341 2569 4395 emend.
2589 4339 2766 4404 Sigon·
2797 4338 3014 4403 plu-ibn

799 4412 929 4463 Mu.
952 4410 1105 4462 (ἕπον.
1127 4420 1183 4463 et
1204 4412 1326 4463 edd.
1348 4420 1479 4463 vett.
1510 4430 1617 4463 cun
1634 4416 1750 4465 aliis
1885 4414 1896 4429 ⁰
1927 4428 1982 4465 us
2002 4412 2083 4463 vel
2103 4426 2210 4461 cum
2228 4410 2342 4461 aliie
2362 4407 2500 4473 conj.
2522 4406 2690 4457 Perit.
2723 4418 2828 4458 em
2849 4410 3009 4455 ceter·
