3267 5250
1020 537 1420 588 mmmmm
1471 537 1695 587 mvn.
2284 487 2477 588 6907'

253 701 438 748 mum
468 679 988 760 commisissent,
1017 682 1103 748 ab
1142 680 1665 749 Atheniensibus
1692 679 1859 747 caesi
1889 685 2069 746 sunt.
2157 677 2462 747 Acarna-

253 805 400 864 nes,
461 785 791 851 mortibus
851 803 1122 849 suorum
1176 784 1518 863 commoti,
1579 783 1667 848 ad
1721 781 2157 849 vindicandos
2187 789 2243 823 ¹²
2302 783 2458 850 illos

225 887 588 952 'auxilium
623 907 664 952 a
697 885 1022 970 Philippo
1052 887 1406 970 petierunt.
1495 885 1752 952 Paucis
1781 885 2129 950 mensibus
2159 890 2317 970 post
2337 905 2456 970 pa-

252 1009 402 1054 cem
435 986 1102 1070 Carthaginiensibus
1133 987 1386 1067 datam,
1418 988 1954 1075 quingentesimo
1986 989 2463 1074 quinquagesi-

253 1097 438 1156 ιιιο·η
463 1099 494 1127 ·
537 1109 715 1156 aune
745 1091 833 1154 ab
865 1089 1052 1156 Urbe
1082 1091 1373 1168 condita,
1404 1109 1560 1156 cum
1582 1088 2121 1169 Atheniensium,
2142 1091 2461 1174 quiobsi·

254 1193 592 1260 debentur
619 1212 662 1257 a
685 1192 1039 1276 Philippo,
1077 1192 1286 1275 legati
1317 1191 1648 1257 auxilium
1676 1213 1719 1258 a
1752 1185 1995 1258 senatu
2024 1194 2370 1276 petissent,
2392 1197 2460 1260 et

253 1301 531 1361 senatus
561 1293 632 1360 id
665 1295 1048 1360 censuisset
1085 1295 1453 1374 ferendum,
1492 1294 1721 1378 plebe,
1759 1293 1969 1381 quod'
1987 1301 2093 1361 tot
2132 1295 2458 1362 bellorum

253 1398 620 1463 continuus
649 1397 843 1463 labor
883 1397 1104 1480 gravis
1131 1402 1297 1476 erat,
1329 1396 1795 1475 dissentiente,
1826 1397 2041 1462 tenuit
2084 1400 2457 1466 auctoritas

250 1507 570 1584 patrum:
611 1504 684 1564 ut
742 1500 953 1565 sociae
1005 1498 1264 1566 civitati
1311 1498 1466 1564 ferri
1519 1517 1719 1583 opem
1767 1499 2062 1584 populus
2111 1519 2385 1588 quoque
2408 1508 2461 1551 ¹⁴

243 1601 543 1687 juberet.
603 1601 870 1667 Bellum
900 1602 971 1666 id
993 1602 1076 1668 P.
1107 1601 1418 1686 Sulpicio
1449 1602 1717 1667 consuli
1744 1602 2135 1668 mandatum
2156 1609 2285 1684 est,
2316 1605 2457 1690 qui,

251 1704 556 1770 exercitu
605 1704 678 1769 in
725 1703 1198 1770 Macedoniam
1246 1704 1478 1784 ducto,
1519 1704 1953 1789 equestribus
2002 1705 2256 1790 proeliis
2300 1727 2459 1773 cum

252 1805 582 1891 Philippo
613 1824 932 1891 prospere
961 1805 1306 1892 pugnavit.
1394 1806 1713 1892 Abydeni
1737 1825 1779 1871 a
1810 1806 2133 1898 Philippo
2162 1805 2459 1890 obsessi,

253 1907 338 1972 ad
391 1908 782 1992 exemplum
828 1907 1372 1991 Saguntinorum,
1413 1929 1578 1974 suos
1623 1927 1831 1995 seque
1872 1908 2285 1977 occiderunt.
2372 1911 2459 1977 L.

253 2009 502 2076 Furius
538 2017 796 2094 praetor
825 2007 1066 2076 Gallos
1103 2010 1428 2077 Insubres
1468 2009 1873 2075 rebellantes
1901 2015 1968 2075 et
1994 2008 2459 2081 Hamilcarem

253 2110 564 2191 Poenum,
590 2111 846 2179 bellum
877 2113 944 2177 in
967 2133 1050 2178 ea
1077 2120 1268 2198 parte
1298 2114 1711 2190 molientem,
1744 2113 1894 2178 acie
1924 2113 2113 2179 vicit.
2180 2114 2457 2182 Hamil·

251 2233 366 2280 car
408 2233 494 2280 eo
543 2214 726 2278 bello
763 2214 1031 2280 occisus
1073 2221 1202 2292 est,
1235 2223 1304 2280 et
1345 2214 1556 2280 millia
1581 2213 1919 2280 hominum
1951 2215 2225 2298 triginta
2252 2226 2457 2282 sex.¹5

209 2391 218 2396 ,
252 2315 594 2384 Praeterea
634 2316 1116 2402 expeditiones·
1141 2317 1448 2402 Philippi
1490 2317 1669 2400 regis
1716 2325 1787 2382 et
1820 2315 2113 2402 Sulpicii
2156 2321 2457 2388 consulis

252 2422 926 2506 expugnationesque
947 2421 1212 2488 urbium
1244 2423 1337 2486 ab
1360 2429 1655 2505 utroque
1685 2421 1911 2485 factas
1934 2421 2255 2488 continet.
2300 2423 2461 2489 Sul-

251 2525 476 2607 picius
505 2523 768 2600 consul,
803 2523 1280 2608 adjuvantibus
1310 2544 1464 2606 rege
1496 2521 1735 2589 Attalo
1758 2527 1827 2588 et
1856 2521 2165 2601 Rhodiis,
2203 2525 2459 2592 bellum

253 2628 548 2712 gerebat.
631 2626 1108 2711 'triumphavit
1135 2626 1220 2693 de
1251 2624 1478 2694 Gallis
1507 2624 1590 2692 L.
1625 2624 1873 2691 Furius
1902 2633 2178 2711 praetor.
2214 2655 2219 2661 ·

313 2818 338 2845 ο
373 2808 1052 2879 ramatum-uctoritas,

1163 2924 1530 2948 &mm

255 3007 395 3059 mh
429 3005 566 3057 dixit
603 3004 784 3056 Livius
817 3020 869 3056 c.
901 3006 1000 3057 1⁴:
1029 3008 1110 3059 Rs
1195 3014 1370 3061 e.—12
1403 3008 1486 3060 Aa
1515 3006 1855 3059 vindicas-am
1893 3004 2017 3057 edd.
2050 3012 2176 3057 ante
2216 3006 2461 3072 Sigon.—

253 3078 314 3123 1⁸
347 3074 732 3133 Μαζαίου
754 3072 909 3121 Crev.
929 3087 1048 3123 cum
1073 3090 1102 3125 e
1141 3075 1195 3125 d.
1216 3083 1338 3127 ante
1362 3074 1673 3140 sigone-14
1710 3072 1903 3137 Quoque
1924 3072 2028 3124 del.
2052 3072 2220 3125 Grou.
2242 3074 2457 3141 Doujat.

255 3140 538 3191 cave-1⁶
576 3136 802 3198 fficiam
821 3138 1026 3203 quinque
1045 3139 1183 3192 ced.
1282 3186 1288 3189 .

315 3380 342 3409 ⁸
375 3374 776 3438 Qut-genladae
797 3378 1208 3444 quinquagesimo]
1247 3376 1318 3428 Α·
1399 3376 1722 3442 Capitolino·
1764 3390 2043 3442 sequamur
2095 3389 2213 3428 cnm
2256 3374 2461 3431 eodem,

249 3446 348 3499 lias
381 3464 663 3515 perperam
699 3454 974 3518 legebatur
993 3454 1318 3518 quingente-si·
1398 3468 1564 3503 annus
1599 3454 1703 3503 erit
1736 3452 2181 3517 quingentesimus
2204 3452 2463 3517 quinqua·

257 3540 330 3575 ne
363 3528 746 3591 quadragesi-o.
815 3530 1058 3581 correxit
1079 3530 1320 3593 Sigonius
1399 3532 1626 3596 gaimus
1647 3528 1927 3581 secundus.

257 3616 323 3652 ex
361 3603 498 3654 Livii
537 3604 754 3655 calculo.
833 3607 888 3657 Si
926 3614 1100 3658 tamen
1135 3607 1318 3659 Fano·

1038 3870 1226 3938 Lm.
1301 3870 1655 3939 XXXII.

287 4086 302 4093 ·
342 4068 718 4157 Complura
762 4071 1076 4158 prodigia
1119 4092 1214 4141 ex
1254 4076 1534 4143 diversis
1577 4074 1965 4161 regionibus
2008 4072 2315 4140 nuntiata
2358 4090 2463 4137 re-
2550 4126 2563 4135 .

259 4170 601 4257 seruntur3
645 4177 814 4241 inter
860 4196 1043 4262 quae,
1091 4178 1162 4245 in
1201 4180 1616 4247 Macedonia
1652 4182 1725 4243 iu
1762 4178 1983 4263 puppi
2019 4177 2235 4257 longae
2262 4172 2461 4239 navis

261 4272 554 4341 lauream
583 4295 737 4343 esse
769 4278 1082 4345 natam.¹⁶
1166 4279 1252 4345 Τ.
1286 4274 1604 4361 Quintius
1626 4280 2047 4346 Flamininus
2075 4276 2311 4342 consul
2340 4273 2463 4341 ad-

265 4393 496 4443 versus
525 4377 922 4467 Philippum
949 4380 1234 4449 feliciter
1251 4383 1580 4467 pugnavit
1607 4384 1677 4448 in
1704 4379 2019 4447 faucibus
2040 4377 2255 4462 Epiri,
2276 4376 2465 4462 fuga-
