3267 5250
1101 497 1505 550 munorum
1543 499 1774 550 mvn.
2322 482 2499 549 ⁵961

289 643 1148 730 Fulvius-connuhquibus
1171 643 1544 730 jubebatur
1583 661 1881 728 parcere,
1913 647 2279 728 antequam
2310 643 2497 728 lege-

287 756 414 826 ret,
443 749 516 813 in
547 748 694 814 sinu
722 747 972 832 posuit,
1003 753 1074 814 et
1099 747 1250 830 lege
1280 747 1392 829 agi
1409 747 1641 832 jussit,
1672 751 1741 812 et
1768 746 2187 831 supplicium
2210 749 2497 831 peregit.

289 847 460 916 Cum
491 852 560 916 in
599 851 895 917 comitiis
929 850 1117 936 apud
1157 849 1492 936 populum
1529 855 1968 936 quaereretur,
2006 849 2123 914 cui
2154 849 2499 916 mandare·

289 960 401 1018 tur
439 952 934 1039 Hispaniarum
964 953 1318 1037 imperium
1347 971 1368 1034 3
1413 952 1596 1018 nullo
1623 952 1693 1017 id
1728 952 1995 1018 volente
2016 953 2381 1037 suscipere,
2410 953 2497 1020 P.

288 1055 554 1139 Scipio,
587 1055 670 1122 P.
695 1055 900 1135 filius,
925 1057 1136 1141 quiin
1157 1055 1504 1139 Hispania
1527 1054 1889 1133 ceciderat,
1912 1054 2257 1140 professus
2283 1063 2391 1121 est
2420 1073 2498 1121 so

289 1159 586 1239 iturum3
629 1164 719 1237 et,
755 1159 1074 1242 suffragio
1108 1157 1352 1242 populi
1391 1176 1867 1243 consensuque
1894 1156 2195 1224 omnium
2222 1157 2499 1235 missus,

291 1258 564 1325 Novam
597 1258 1067 1344 Carthaginem
1096 1279 1234 1324 uno
1255 1258 1368 1324 die
1395 1262 1839 1344 expugnavit,
1871 1279 2025 1324 cum
2060 1264 2287 1342 ageret
2316 1257 2501 1342 vige·-

287 1363 534 1428 simum
565 1370 870 1447 quartum
904 1383 1174 1441 annum,
1203 1362 1677 1446 videreturque
1705 1362 1934 1429 diviua
1962 1363 2169 1446 stirpe
2192 1367 2499 1443 creatusg

285 1467 606 1548 quoniam
637 1472 707 1531 et
737 1467 911 1550 ipse,
942 1472 1308 1550 postquam
1331 1471 1390 1502 ²⁰
1429 1473 1655 1547 togam
1680 1471 2063 1550 acceperat,
2092 1463 2399 1549 quotidie
2426 1466 2500 1530 iu

289 1564 634 1650 Capitolio
680 1575 844 1649 erat,
876 1576 947 1634 et
988 1571 1058 1634 iu
1101 1568 1422 1634 cubiculo
1453 1569 1687 1635 matris
1714 1569 1863 1653 ejus
1903 1569 2145 1650 anguis
2184 1585 2501 1652 saepenu*

170 1744 178 1753 ἱ
289 1688 471 1734 mero
514 1670 888 1736 videbatur.
975 1671 1118 1736 Res
1157 1675 1486 1755 praeterea
1529 1671 1598 1737 iu
1644 1671 1884 1736 Sicilia
1914 1679 2147 1754 gestas
2184 1670 2497 1750 continet,

288 1778 356 1836 et
401 1772 768 1840 amicitiam
819 1793 970 1840 cum
1001 1771 1252 1840 AEtolis
1276 1773 1611 1857 junctam,
1648 1773 2032 1857 bellumque
2074 1775 2339 1855 gestum
2376 1771 2501 1840 ad-.

291 1891 523 1940 versus
545 1882 566 1914 ¹
611 1875 1009 1942 Acarnanas
1039 1879 1109 1940 et
1137 1873 1538 1959 Philippum
1571 1873 2003 1941 Macedoniae
2024 1893 2269 1958 regem.

1216 2037 1575 2061 OOONMOO

286 2138 716 2254 wanden
739 2139 913 2192 Scio?
943 2140 1297 2206 Impera—20
1331 2139 1651 2206 Posteaquam
1672 2139 1841 2192 Grou.
1864 2137 2087 2203 Doujat.
2109 2137 2360 2190 Crem—l
2394 2136 2502 2187 Aa·

495 2219 573 2256 eae
615 2238 634 2257 .

1097 2471 1285 2538 Lm.
1349 2449 1692 2538 xxvn.
1730 2479 1741 2488 ·

372 2655 502 2723 Gn.
551 2656 840 2723 Fulvius
884 2659 1248 2743 proconsul
1284 2666 1460 2726 ‘cum
1501 2658 1803 2726 exercitu
1850 2660 1941 2725 ab
1982 2657 2373 2726 Hannibale
2416 2655 2509 2723 ad

288 2756 777 2826 Herdoneam²
821 2780 1052 2827 caesus
1095 2768 1221 2829 est.
1309 2761 1604 2829 Meliore
1642 2768 1884 2829 eventu
1915 2782 1959 2827 a
1988 2760 2279 2828 Claudio
2314 2752 2535 2826 Μαι-5

287 2861 468 2927 cello
499 2862 781 2929 consule
813 2862 1142 2929 adversus
1171 2864 1460 2931 eundem
1490 2864 1578 2931 ad
1599 2864 2101 2930 Numistronem
2127 2868 2506 2949 pugnatum

287 2972 414 3031 est·
502 2965 674 3031 Inde
721 2966 1077 3033 Hannibal
1119 2975 1332 3035 noctu
1367 2970 1671 3035 recessit.
1762 2968 2128 3035 Marcellus
2158 2968 2505 3033 insecutus

284 3072 416 3147 est,
443 3075 517 3133 et
545 3068 834 3135 subinde
856 3068 1202 3135 cedentem
1225 3072 1500 3155 pressit,
1525 3071 1743 3137 donec
1774 3070 2204 3158 confligeret.³
2266 3068 2507 3135 Priore

285 3188 517 3253 pugna
545 3168 890 3237 Hannibal
933 3173 1250 3255 superior
1290 3172 1436 3250 fuit,
1470 3172 1847 3239 Marcellus
1875 3172 2278 3258 insequenti.
2368 3170 2507 3237 Fa-

285 3272 448 3336 bins
495 3270 850 3339 Maximus
898 3281 1100 3357 pater
1148 3276 1394 3341 consul
1437 3274 1839 3342 Tarentinos
1884 3296 2008 3360 per
2050 3276 2504 3361 proditionem

283 3375 602 3459 recepit.⁴
687 3374 772 3440 In
817 3376 1164 3461 Hispania
1203 3376 1290 3443 ad
1335 3376 1687 3444 Baeculam
1721 3379 1957 3463 Scipio
2004 3398 2158 3443 cum
2188 3376 2509 3445 Hasdru·
2574 3451 2579 3459 ,

287 3476 446 3542 bale
479 3476 898 3545 Hamilcaris
929 3479 1266 3560 conflixit,
1292 3488 1362 3547 et
1391 3481 1584 3547 vicit.
1671 3480 1859 3546 Inter
1886 3480 2023 3546 alia
2047 3488 2321 3565 captum
2342 3498 2509 3565 pue-·

285 3598 440 3643 rum
467 3579 760 3663 regalem
785 3581 1054 3648 eximiae
1075 3583 1312 3648 formae
1345 3582 1434 3647 ad
1455 3581 1865 3648 avunculum
1888 3581 2331 3648 Masinissam
2349 3600 2505 3647 cum

287 3680 492 3747 donis
521 3683 808 3749 dimisit.
897 3683 1222 3751 Claudius
1250 3684 1647 3762 Marcellus,
1675 3683 1759 3750 T.
1790 3682 2117 3763 Quintius
2147 3683 2507 3768 Crispinus
2640 3726 2645 3729 -

289 3784 628 3863 consules,
656 3786 1054 3871 speculandi
1088 3806 1296 3855 causa
1324 3788 1660 3874 progressi
1686 3794 1711 3836 ⁵
1754 3807 1795 3853 e
1824 3790 2091 3865 castris,
2122 3786 2389 3851 insidiis
2416 3786 2511 3851 ab

291 3884 682 3953 Hannibale
705 3892 960 3955 circum
969 3891 1144 3957 venti
1165 3896 1342 3955 sunt.
1389 3888 1763 3956 Marcellus
1784 3889 2055 3955 occisus
2072 3887 2223 3967 fuit,
2246 3885 2505 3970 Crispi-

289 4006 415 4053 nus
436 3990 630 4075 fugit.
677 3990 820 4057 Res
837 3998 1169 4076 praeterea
1192 4012 1236 4059 a
1254 3991 1336 4057 P.
1357 3990 1670 4076 Sulpicio
1692 3996 1983 4075 praetore
2006 3988 2331 4055 adversus
2342 3986 2505 4053 Phi-

291 4090 556 4176 lippum
586 4098 658 4159 et
680 4093 980 4169 Achaeos
1008 4102 1244 4179 gestas
1273 4093 1590 4160 continet.
1683 4092 2005 4159 Lustrum
2039 4111 2083 4157 a
2115 4092 2504 4158 censoribus

1211 4242 1582 4267 OQM„

356 4342 389 4387 2
419 4337 492 4388 τὰ
529 4340 594 4389 aa
627 4338 937 4393 Herdoneam
957 4340 1122 4393 desan
1125 4342 1222 4393 tlu
1253 4342 1378 4395 edd.
1399 4348 1523 4394 ante
1542 4340 1701 4407 Sigon
1668 4344 1821 4391 n.—8
1854 4338 2091 4406 Effitgere
2090 4338 2255 4391 cedd.
2279 4354 2345 4391 an
2349 4340 2503 4391 tesi-

300 4406 516 4466 χοι-4
553 4404 712 4454 Pater
727 4407 935 4457 muzus
955 4408 1243 4459 Tarentinos
1268 4424 1356 4474 per
1374 4408 1663 4461 maim-z
1680 4408 1861 4473 mepte
1882 4404 2159 4471 legebatur
2180 4413 2303 4457 ante
2325 4406 2511 4472 Sigon.
