3267 5250
900 507 1081 576 0⁰28
1843 522 2196 574 nrrromn

898 675 1107 738 tatem
1136 687 1329 736 suam
1370 667 1674 734 redacto.
1759 667 2128 734 Gaditanis
2169 667 2515 736 civitatem
2545 665 2760 734 dedit.
2847 663 3088 732 Massi-

896 773 1173 850 lienses,
1201 771 1471 840 duobus
1502 769 1864 837 navalibus
1903 771 2162 856 praeliis
2192 771 2382 850 victi,
2435 779 2603 856 post
2629 770 2892 854 longam
2922 769 3092 844 obsi-

897 875 1159 940 dionem
1188 874 1519 960 potestati
1551 874 1847 940 Caesaris
1868 877 1921 926 ¹⁹
1962 893 2038 939 se
2065 874 2540 958 permiserunt.
2630 871 2712 939 G.
2741 868 3090 950 Antonius,

898 975 1156 1060 legatus
1182 976 1503 1055 Coesaris,
1526 975 1706 1041 male
1747 983 1980 1040 contra
2010 974 2472 1061 Pompeianos
2499 975 2572 1041 in
2604 974 2881 1060 Illyrico
2905 974 3093 1040 rebus

899 1077 1133 1159 gestis,
1179 1083 1421 1162 captus
1466 1083 1595 1144 est.
1687 1076 1772 1143 In
1801 1097 1938 1162 quo
1967 1077 2151 1142 bello
2194 1076 2578 1162 Opitergini
2605 1075 3090 1160 Transpadani,

898 1177 1195 1245 Caesaris
1226 1179 1611 1257 auxiliares,
1661 1184 1799 1243 rate
1844 1198 1972 1243 sua
2005 1179 2095 1244 ab
2134 1177 2498 1245 hostilibus
2521 1179 2817 1247 navibus
2845 1179 3092 1256 clausa,

895 1281 1149 1365 potius,
1192 1301 1395 1366 quam
1451 1282 1521 1346 in
1568 1286 1970 1365 potestatem
2021 1281 2316 1348 hostium
2337 1289 2397 1322 ²⁰
2437 1283 2762 1359 venirent,
2811 1281 2987 1347 inter
3023 1299 3094 1345 se

897 1388 1365 1452 concurrentes
1408 1385 1900 1448 occubuerunt.
1990 1384 2072 1449 C.
2110 1382 2339 1463 Curio,
2379 1385 2645 1469 legatus
2695 1383 2994 1450 Caesaris
3032 1383 3094 1446 in

760 1491 769 1502 “
896 1483 1160 1564 Africa,
1212 1505 1367 1550 cum
1410 1505 1738 1571 prospere
1799 1485 2128 1552 adversus
2177 1485 2488 1565 Varum,¹
2536 1487 3095 1571 Pompeianarum

892 1590 1184 1673 partium
1217 1587 1481 1667 ducem,
1512 1597 1904 1672 pugnasset,
1953 1609 1996 1654 a
2041 1589 2089 1655 J
2093 1590 2234 1655 aba
2275 1609 2430 1674 rege
2473 1589 2914 1656 Mauritanioe
2951 1607 3094 1654 cum

894 1687 1197 1760 exercitu
1223 1709 1446 1757 coesus
1472 1698 1595 1757 est.
1684 1689 1766 1756 C.
1795 1689 2036 1757 Caesar
2058 1692 2131 1758 in
2161 1691 2500 1760 Graeciam
2531 1692 2820 1778 trajecit.

1813 1853 2184 1878 mum

963 1940 1028 1986 18
1064 1937 1269 1988 Relictis
1287 1938 1342 1990 in
1361 1936 1599 1988 obsidione
1624 1938 1684 1988 G.
1709 1938 1938 1990 Trebonio
1962 1937 2084 1989 edd.
2107 1945 2230 1991 aute
2253 1938 2567 2004 εἰμι-19
2599 1939 2664 1988 In
2689 1943 2978 2004 potatae-
2999 1937 3096 1986 Ce-

896 2003 1023 2052 taria
1044 2003 1310 2052 esem—20
1347 2003 1657 2062 Inimicum
1679 2003 1906 2053 θεὼ-ι
1944 2003 2026 2054 Ex
2048 2004 2252 2058 emend.
2287 2005 2466 2070 Sigon.
2503 2019 2624 2056 cnm
2661 2005 2811 2070 prin·
2845 2005 3096 2071 legeretur

895 2081 1005 2118 aaa
1024 2069 1252 2118 adver-m
1272 2068 1443 2132 Pomp.
1462 2081 1571 2132 per.
1590 2069 1760 2119 ducem
1783 2069 2064 2121 Van-eant.

1780 2333 1969 2400 LIB.
2029 2332 2236 2402 cxl.

985 2515 1090 2582 Μ.
1118 2515 1383 2585 Coelius
1412 2517 1641 2586 Rufus
1660 2525 1688 2556 ²
1732 2526 2007 2605 praetor,
2045 2539 2204 2586 cum
2235 2517 2600 2586 seditiones
2631 2518 2700 2585 in
2732 2517 2927 2589 Urbe
2951 2542 3095 2590 con·

896 2619 1161 2704 citaret,
1188 2642 1507 2689 novarum
1537 2622 1915 2690 tabularum
1959 2642 2085 2709 spe
2137 2621 2340 2709 plebe
2371 2617 2732 2701 solicitata,
2781 2626 3097 2711 abrogato

895 2724 1292 2809 magistratu
1321 2725 1563 2810 pulsus
1593 2723 1803 2807 Urbe,
1831 2724 2074 2791 Miloni
2108 2724 2321 2805 exuli,
2348 2726 2469 2812 qui
2506 2724 2946 2809 fugitivorum
2987 2748 3096 2793 ex-

896 2828 1179 2893 ercitum
1226 2834 1674 2905 contraxerat,
1717 2847 1792 2894 se
1834 2826 2208 2913 conjunxit.
2298 2825 2622 2913 Uterque,
2666 2848 2822 2897 cum
2852 2830 3096 2897 bellum

894 2929 1306 3009 molirentur,
1355 2930 1690 2997 interfecti
1737 2937 1918 2996 sunt.
2004 2928 2387 3017 Cleopatra,
2435 2932 2716 3019 AEgypti
2767 2936 3018 3019 regina,
3057 2951 3096 2999 a

898 3030 1278 3100 Ptolemoeo
1305 3032 1507 3100 fratre
1532 3052 1739 3115 regno
1767 3034 1970 3119 pulsa
1990 3040 2122 3101 est.
2207 3033 2500 3116 Propter
2516 3033 2608 3113 Q.
2629 3031 2864 3101 Cassii
2883 3044 2904 3084 ³
2937 3055 3098 3123 prae-

900 3134 1073 3199 toris
1117 3135 1472 3205 avaritiam
1514 3134 2110 3222 crudelitatemque
2142 3135 2616 3205 Cordubenses
2659 3136 2730 3202 in
2761 3137 3096 3223 Hispania

902 3253 1062 3300 cum
1092 3236 1351 3303 duabus
1372 3234 1812 3305 Varronianis
1837 3238 2212 3322 legionibus
2240 3257 2283 3304 a
2313 3240 2622 3324 partibus
2660 3238 2962 3307 Caesaris
2993 3239 3094 3305 de-

902 3338 1265 3405 sciverunt.
1349 3338 1477 3431 Qn.
1523 3339 1921 3429 Pompeius,
1980 3338 2068 3405 ad
2117 3340 2568 3424 Dyrrachium
2603 3346 2638 3391 4
2677 3343 3002 3409 obsessus
3055 3360 3096 3407 a

903 3438 1203 3520 Caesare,
1226 3448 1318 3521 et,
1348 3442 1686 3527 praesidiis
1714 3443 1864 3529 ejus
1892 3463 2048 3509 cum
2089 3462 2334 3527 magna
2361 3443 2557 3510 clade
2571 3444 2864 3511 diversae
2891 3442 3096 3531 partis

900 3543 1338 3636 expugnatis,
1396 3545 1750 3612 obsidione
1806 3543 2148 3624 liberatus,
2198 3546 2516 3612 translato
2559 3546 2630 3611 in
2680 3546 3094 3613 Thessaliam

901 3642 1108 3725 bello,
1154 3644 1333 3731 apud
1382 3647 1804 3714 Pharsaliam
1847 3649 1999 3714 acie
2034 3648 2252 3714 victus
2281 3653 2408 3713 est.
2496 3646 2732 3715 Cicero
2759 3648 2830 3713 in
2861 3648 3093 3715 castris

902 3747 1243 3829 remansit,
1272 3748 1375 3815 vir
1413 3750 1583 3816 nihil
1624 3750 1854 3815 minus
1881 3768 2091 3834 quam
2134 3746 2224 3814 ad
2273 3750 2454 3815 bella
2482 3755 2720 3830 natus3
2763 3750 3094 3817 omnibns-

904 3867 1041 3933 que
1072 3847 1501 3919 adversarum
1530 3854 1848 3937 partium,
1869 3852 2089 3938 quise
2119 3851 2441 3937 potestati
2472 3852 2753 3921 victoris
2779 3853 3094 3939 permise-

896 3958 1073 4033 runt,
1104 3950 1339 4022 Gaesar
1364 3955 1640 4041 ignovit.
2187 3942 2196 3951 ’

1815 4082 2182 4107 mm

924 4241 930 4247 .
973 4199 1010 4249 8
1044 4199 1107 4249 c.
1150 4199 1377 4251 cecilius
1412 4200 1575 4261 Rern
1610 4202 1735 4255 edd.
1775 4210 1900 4256 ante
1933 4203 2212 4269 Sigon-⁸
2243 4202 2260 4232 ‘
2281 4201 2390 4253 Pro
2436 4200 2599 4255 cunii
2633 4200 2693 4251 in
2720 4200 2852 4252 Mu.
2887 4206 2946 4251 et
2979 4198 3095 4253 odd.

902 4268 1043 4314 antt.
1066 4264 1197 4314 male
1220 4266 1413 4331 legitur
1436 4268 1605 4318 Catuli
1623 4276 1679 4319 et
1718 4269 1881 4321 Catii.-
1914 4285 2011 4334 pro
2057 4270 2199 4335 vulg.
2241 4266 2470 4319 Varianis
2500 4266 2662 4333 [quod
2702 4265 2866 4316 Gron.
2891 4266 3094 4333 Donjat.

908 4326 1103 4391 erem]
1118 4329 1250 4395 (Ms.
1274 4332 1425 4383 Leid-
1454 4332 1729 4399 Ver-nanis)
1749 4349 1816 4385 ex
1837 4334 2044 4387 emend.
2077 4335 2196 4388 Jac.
2222 4334 2387 4385 Gron.
2411 4332 2658 4385 substitui
2687 4331 2964 4383 ven-otene
2991 4334 3027 4383 i.
3045 4344 3090 4382 e.

912 4390 1264 4450 me'
1293 4397 1616 4465 Ruperte-d
1647 4400 1732 4453 Aa
1753 4400 2082 4453 Brundusi-n
2100 4400 2224 4454 edd.
2245 4406 2368 4453 ante
2385 4398 2564 4466 suon-
