3267 5250
855 469 1034 536 0012
1780 485 2138 536 surorum
2204 555 2213 564 ,

858 651 938 700 se
966 631 1484 716 confugerant,²⁰
1527 629 2059 696 restituerentur.
2150 627 2328 708 Quae
2358 627 2659 697 conditio
2696 649 2849 696 cum
2868 629 3037 714 justa

855 736 1124 801 senatui
1173 735 1524 814 videretur,
1571 754 1695 818 per
1742 731 2120 799 Carbonem
2164 731 2673 818 factionemque
2720 733 2893 817 ejus,
2938 737 3038 799 cui

852 838 1102 903 bellum
1135 837 1487 903 videbatur
1515 837 1771 916 utilius,
1800 856 1885 901 ne
1917 835 2326 916 conveniret,
2348 835 2655 902 effectum
2684 840 2813 901 est.
2866 835 3039 901 Idem

857 940 1110 1020 Carbo,
1152 959 1308 1005 cum
1337 940 1424 1004 ab
1455 939 1763 1004 omnibus
1794 937 2069 1023 oppidis
2102 935 2335 1004 Italiae
2362 937 2785 1022 coloniisque
2808 944 2829 976 ¹
2874 938 3039 1002 obsi·

855 1043 978 1107 des
1009 1041 1282 1126 exigere
1313 1041 1537 1119 vellet,
1569 1046 1645 1105 ut
1670 1038 1869 1104 fidem
1900 1059 2131 1104 eorum
2158 1044 2391 1105 contra
2416 1039 2681 1123 Syllam
2706 1039 3043 1122 obligaret,

852 1164 1186 1210 consensu
1231 1149 1514 1209 senatus
1561 1143 1933 1228 prohibitus
1964 1148 2125 1206 est.²
2213 1141 2439 1208 Novis
2478 1142 2743 1207 civibus
2790 1147 3045 1205 senatus

854 1248 1166 1312 consulto
1223 1245 1613 1329 suffragium
1672 1243 1907 1309 datum
1964 1249 2093 1308 est.
2181 1242 2273 1323 Q.
2330 1242 2651 1310 Metellus
2700 1243 2895 1322 Pius,
2942 1244 3045 1326 qui

849 1355 1078 1432 partes
1108 1349 1539 1433 optimatium
1569 1357 1837 1412 secutus
1864 1350 2032 1424 erat,
2078 1365 2231 1411 cum
2276 1345 2349 1411 in
2376 1344 2611 1410 Africa
2635 1344 2889 1410 bellum
2914 1365 3047 1409 mo-

847 1449 1098 1529 liretur,
1129 1469 1176 1516 a
1201 1448 1282 1514 C.
1319 1449 1538 1514 Fabio
1567 1455 1862 1533 praetore
1890 1446 2131 1532 pulsus
2159 1456 2302 1530 θεῖς
2346 1453 2763 1532 senatusque
2792 1448 3047 1512 eonsul-

849 1555 990 1616 tum
1021 1569 1144 1636 per
1171 1551 1525 1617 factionem
1552 1548 1885 1616 Carbonis
1916 1555 1987 1614 et
2014 1547 2470 1614 Marianarum
2492 1550 2783 1634 partium
2804 1547 3049 1614 factum

851 1662 978 1734 est,
1025 1661 1103 1719 ut
1153 1673 1389 1719 omnes
1435 1651 1691 1736 ubique
1738 1651 2085 1716 exercitus
2125 1650 2668 1717 dimitterentur.-
2728 1652 3049 1718 Libertini

848 1759 919 1824 in
976 1759 1270 1842 quinque
1324 1763 1392 1823 et
1455 1757 1729 1840 triginta
1782 1756 1997 1820 tribus
2050 1754 2397 1822 distributi
2451 1763 2628 1821 sunt.
2718 1757 3049 1823 Praeterea

847 1860 1010 1925 belli
1064 1869 1497 1946 apparatum,
1559 1855 1745 1944 quod
1792 1865 2027 1924 contra
2072 1857 2333 1945 Syllam
2384 1859 2863 1938 excitabatur‚³
2906 1881 3053 1927 con-

849 1964 1038 2030 tinet.

869 2183 874 2188 ’
913 2201 978 2246 2⁰
1011 2198 1059 2248 A
1085 2197 1244 2250 cim
1265 2199 1392 2263 puta·
1411 2199 1475 2248 aa
1493 2195 1795 2259 semen-m
1816 2193 1937 2244 edd.
1964 2201 2089 2246 ante
2110 2195 2373 2248 arom-1
2414 2195 2715 2260 cons-eaque
2732 2193 2919 2244 deerat
2941 2198 3053 2242 ante

846 2259 1132 2324 sigum—²
1163 2267 1359 2314 Carent
1381 2263 1528 2314 verb.
1551 2267 1626 2312 en
1650 2261 1771 2312 edd.
1795 2267 1919 2312 ante
1938 2261 2219 2324 Sigeum—⁸
2254 2261 2391 2316 Rem
2410 2267 2635 2326 app-me.
2650 2266 2825 2312 mm
2860 2261 3055 2325 Syllam,

846 2329 970 2390 quod
987 2329 1178 2392 plurim.
1197 2329 1406 2380 excitae.
1428 2327 1563 2378 end.

1626 2559 1727 2626 LI
1734 2559 1815 2624 B·
1872 2556 2273 2624 LXXXV.

938 2746 1128 2832 Sylla
1147 2748 1218 2813 in
1250 2746 1522 2813 Italiam
1551 2766 1705 2813 cum
1740 2746 2046 2813 exercitu
2076 2744 2369 2830 trajecit,
2398 2743 2761 2831 missisque
2782 2744 3057 2829 legatiS,

845 2850 964 2933 qui
997 2850 1082 2915 de
1111 2870 1284 2935 pace
1333 2858 1628 2933 agerent,
1660 2869 1705 2915 a
1734 2849 2025 2916 consule
2056 2848 2137 2915 C.
2157 2848 2487 2916 Norbano
2506 2855 2540 2898 4
2569 2848 2874 2927 violatis»,
2898 2867 3053 2911 eun·

845 2951 998 3016 dem
1029 2952 1422 3018 Norbanum
1451 2952 1693 3038 praelio
1721 2953 1909 3020 vicit.
1982 2953 2076 3019 Et
2096 2972 2258 3041 cum
2288 2952 2370 3019 L.
2401 2951 2751 3035 Scipionis
2782 2950 3056 3015 alterius

847 3056 1171 3134 consulis,
1198 3076 1352 3122 cum
1380 3074 1519 3141 quo
1553 3076 1669 3139 per
1697 3058 1927 3121 omnia
1954 3056 2027 3121 id
2076 3063 2329 3139 egerat,
2360 3060 2436 3120 ut
2464 3074 2707 3139 pacem
2724 3054 3055 3139 jungeret,

843 3176 971 3221 nec
1003 3164 1342 3241 potuerat,
1383 3166 1609 3222 castra
1653 3162 2167 3242 oppugnaturus
2208 3162 2415 3235 esset,
2462 3158 2819 3221 universus
2866 3177 3055 3223 exer·

845 3258 1022 3323 citus
1051 3258 1367 3337 consulis),
1399 3257 1782 3323 solicitatus
1815 3279 1935 3343 per
1961 3260 2253 3325 emissos
2278 3278 2324 3325 a
2349 3257 2543 3343 Sylla
2564 3259 2833 3337 militeS,
2866 3261 3058 3344 signa

846 3360 935 3425 ad
965 3360 1220 3445 Syllam
1255 3361 1618 3426 transtulit.
1705 3362 1965 3447 Scipio,
1997 3382 2151 3427 cum
2182 3362 2403 3427 occidi
2436 3368 2700 3446 posset,
2730 3361 3056 3427 dimissus

843 3467 968 3529 est.
1005 3450 1012 3457 ⁰
1059 3462 1181 3529 Cu.
1231 3462 1624 3547 Pompeius,
1677 3463 1806 3530 Cn.
1860 3462 1940 3527 F.
1988 3463 2164 3549 ejus,
2207 3463 2325 3549 qui
2369 3461 2705 3529 Asculum
2754 3472 3057 3548 ceperat,

846 3566 1244 3649 conscripto
1270 3574 1294 3613 ⁵
1342 3566 1865 3631 voluntariorum
1896 3566 2221 3642 exercitu,
2240 3586 2395 3631 cum
2426 3566 2641 3631 tribus
2670 3565 3057 3648 legionibus

845 3668 936 3732 ad
969 3668 1226 3753 Syllam
1259 3674 1571 3749 venerat;
1604 3667 1694 3734 ad
1716 3688 1910 3753 quem
1942 3687 2016 3732 se
2040 3667 2363 3754 nobilitas
2390 3669 2613 3734 omnis
2642 3667 3057 3749 conferebat,

843 3769 939 3836 ita
967 3777 1046 3837 ut
1073 3770 1344 3837 deserta
1373 3769 1562 3836 Urbe
1607 3770 1696 3835 ad
1742 3780 1968 3836 castra
1996 3769 2360 3837 veniretur.
2447 3769 2793 3836 Praeterea
2842 3790 3058 3877 expe·

847 3871 1136 3938 ditiones
1181 3892 1304 3958 per
1349 3878 1555 3938 totam
1600 3871 1871 3938 Italiam
1916 3872 2272 3959 utriusque
2316 3875 2529 3957 partis
2578 3871 2829 3938 ducum
2882 3871 3053 3938 refe·

843 3981 1100 4041 rantur.

1768 4084 2139 4111 me

908 4190 942 4239 4
974 4186 1126 4237 aab
1156 4189 1534 4240 vomuerun-
1582 4196 1633 4242 et
1668 4206 1701 4240 a
1734 4194 1924 4243 emula
1956 4192 2173 4257 Donjat.
2226 4206 2259 4240 a
2292 4191 2483 4241 consule
2522 4189 2616 4239 Cn.
2638 4188 2871 4253 carbo-e,
2902 4196 2955 4242 ee
2992 4192 3053 4241 G.

847 4250 1078 4301 Norbano
1099 4250 1221 4303 edd.
1244 4262 1368 4304 ante
1388 4256 1667 4319 sigum—5
1702 4262 1717 4285 ⁴
1736 4254 1891 4307 Voss.
1913 4262 2101 4321 ceperat
2122 4255 2453 4319 seriptum
2472 4256 2669 4319 oen-ipen.
2752 4254 2896 4309 Gne.
2920 4272 3056 4320 cepe·

839 4317 1182 4432 &terram
1220 4320 1502 4385 comto.
1603 4320 1853 4375 Fortasse
1894 4327 2102 4387 ceperat,
2142 4322 2386 4389 priv-tu,
2422 4322 2703 4387 ascripto,
2740 4320 2845 4385 ec:
2900 4322 2961 4375 ,1.
2992 4322 3059 4372 Ρ.
