3267 5250
1015 550 1410 602 annuorum
1462 551 1685 602 mvn.
2264 531 2441 600 5923
2563 586 2570 594 .

1143 781 1336 849 LIB.
1381 782 1481 848 11.

311 963 562 1030 Brutus
583 964 1015 1050 jurejurando
1047 966 1379 1051 populum
1409 965 1749 1046 astrinxit,
1786 965 2118 1032 neminem
2158 981 2435 1049 regnare

228 1061 474 1133 Romae
505 1074 870 1150 passuros.¹
930 1067 1372 1153 Tarquinium
1396 1067 1833 1144 Collatinum,
1866 1069 2189 1152 collegam
2216 1086 2437 1146 suum,

225 1178 511 1252 propter
556 1167 940 1234 affinitatem
967 1167 1493 1254 Tarquiniorum
1537 1177 1957 1255 suspectum,
2004 1169 2226 1253 coegit
2274 1187 2439 1235 con-

225 1271 450 1335 sulatu
527 1291 604 1336 se
671 1271 1004 1349 abdicare,
1076 1279 1144 1336 et
1216 1272 1490 1338 civitate
1561 1273 1822 1338 cedere.
1940 1273 2164 1337 Bona⁴
2209 1291 2437 1353 regum

223 1372 433 1459 diripi
465 1373 718 1459 jussit:
762 1393 992 1458 agrum
1022 1372 1232 1439 Marti
1278 1376 1726 1452 consecravit,
1770 1375 1891 1460 qui
1921 1374 2220 1461 Campus
2252 1371 2440 1438 Mar-

219 1475 362 1542 tius
409 1477 796 1543 nominatus
838 1485 964 1542 est.
1052 1475 1540 1543 Adolescentes
1579 1477 1865 1554 nobiles,
1904 1477 1971 1542 in
2000 1477 2244 1562 quibus
2272 1493 2437 1541 suos

221 1598 506 1664 quoque
553 1587 625 1644 et
675 1581 922 1645 sororis
977 1581 1213 1661 filios?-
1237 1589 1262 1618 ⁶
1324 1581 1490 1666 quia
1546 1579 2067 1664 conjuraverant
2124 1577 2211 1644 de
2266 1577 2440 1643 reci-

217 1681 493 1765 piendis
539 1682 828 1766 regibuS,
867 1683 1085 1747 securi
1132 1683 1487 1766 percussit.
1574 1681 1787 1748 Servo
1833 1681 2065 1762 indici,
2109 1681 2223 1745 cui
2262 1678 2437 1743 Vin·
2508 1737 2519 1744 .

219 1784 405 1850 dicio
429 1792 452 1832 ³
498 1805 740 1850 nomen
780 1784 932 1861 fuit,
977 1785 1348 1850 libertatem
1380 1783 1614 1852 dedit:
1658 1805 1743 1850 ex
1778 1783 1975 1869 cujus
2002 1783 2261 1848 nomine
2290 1782 2439 1847 vin-

218 1886 412 1954 dicta
456 1894 564 1954 est
592 1888 964 1973 appellata.
1052 1888 1222 1954 Cum
1267 1887 1592 1954 adversus
1635 1902 1849 1972 regeS,
1894 1887 2035 1972 qui,
2074 1883 2439 1952 contractis

217 1989 618 2056 Veientium
668 1998 736 2056 et
772 1991 1408 2076 Tarquiniensium*
1458 1991 1707 2076 copiiS,
1748 1989 2006 2056 bellum
2056 1987 2438 2065 intulerant,

217 2094 599 2160 exercitum
620 2093 962 2173 duxisset,
991 2095 1061 2158 in
1092 2093 1244 2160 acie
1271 2114 1424 2159 cum
1442 2093 1724 2173 Arunte,
1748 2093 1893 2159 filio
1918 2090 2225 2176 Superbi,
2256 2108 2465 2154 com--

219 2205 530 2262 mortuus
564 2203 714 2262 est:
758 2216 1045 2282 eumque
1097 2202 1420 2262 matronae
1451 2216 1701 2263 annum
1746 2195 2094 2262 luxerunt.
2182 2191 2265 2256 P.
2291 2190 2439 2257 Va-

217 2298 430 2364 lerius
488 2299 727 2365 consul
785 2299 1002 2383 legem
1053 2298 1139 2365 de
1189 2301 1677 2384 provocatione
1742 2299 1832 2366 ad
1884 2297 2209 2384 populum
2262 2293 2438 2361 tulit.

219 2399 644 2488 Capitolium
667 2400 1050 2469 dedicatum
1074 2409 1206 2468 est.
1281 2400 1606 2482 Porsena,
1632 2422 1752 2472 rex
1776 2401 2225 2478 Clusinorum,
2255 2396 2436 2463 bello

217 2525 342 2589 pro
399 2505 792 2590 Tarquiniis
843 2514 1187 2590 suscepto,
1229 2525 1382 2570 cum
1434 2504 1520 2571 ad
1552 2505 1941 2572 Janiculum
1993 2502 2317 2578 venisset,
2356 2519 2439 2565 ne

217 2607 524 2675 Tiberim
565 2610 902 2688 transiret,
954 2609 1196 2675 virtute
1229 2607 1513 2676 Coclitis
1566 2608 1846 2676 Horatii
1880 2605 2253 2692 prohibitus
2284 2611 2437 2685 θεὶς

223 2714 356 2797 qui,
409 2710 566 2778 dum
597 2712 714 2779 alii
744 2719 1016 2798 pontem
1048 2711 1409 2778 sublicium
1439 2710 1849 2789 rescindunt,
1884 2709 2077 2775 solus
2108 2706 2437 2777 Etruscos

223 2816 576 2897 sustinuit3
623 2822 711 2895 et,
759 2822 967 2901 ponte
1009 2800 1240 2900 rupto,
1293 2820 1591 2881 armatus
1629 2814 1802 2880 sein
1833 2810 2081 2877 fiumen
2119 2809 2329 2888 misit,
2371 2811 2442 2874 et

224 2916 307 2981 ad
342 2938 510 2982 suos
543 2920 856 2985 tranavit.
943 2915 1248 2984 Alterum
1301 2918 1599 2984 accessit
1646 2916 1915 2982 virtutis
1960 2912 2349 2998 exemplum
2394 2930 2439 2977 a

227 3019 516 3101 Muci03
563 3022 700 3105 qui,
747 3040 902 3087 cum
946 3021 1032 3085 ad
1081 3020 1442 3086 feriendum
1489 3019 1863 3085 Porsenam
1894 3024 2121 3084 castra
2149 3014 2439 3081 hostium

221 3124 566 3203 intrasset,
595 3125 833 3190 occiso
861 3126 1103 3203 scriba,
1145 3144 1342 3210 quem
1371 3144 1596 3208 regem
1627 3142 1781 3189 esse
1802 3119 2106 3207 putabat,
2135 3136 2436 3202 compre-

223 3224 508 3307 hensus,
530 3227 922 3311 impositam
943 3227 1270 3292 altaribus
1291 3246 1589 3303 manum,
1613 3224 1684 3289 in
1708 3226 1959 3311 quibus
1983 3220 2433 3287 sacrificatum

223 3336 396 3409 erat,
446 3331 646 3395 exuri
672 3350 924 3415 passus
955 3336 1101 3409 θεῖς
1144 3331 1468 3415 dixitque,
1517 3329 1693 3395 tales
1738 3332 2069 3392 trecentos
2095 3343 2251 3390 esse
2281 3342 2438 3388 con-

212 3432 484 3517 juratos
516 3435 590 3498 in
631 3441 914 3499 mortem
958 3433 1174 3519 ipsius
1219 3434 1419 3517 regis·
1511 3431 1818 3512 Quorum
1850 3429 2290 3494 admiratione
2322 3446 2440 3493 co-

222 3541 420 3601 actus
451 3535 760 3603 Porsena
795 3536 992 3621 pacis
1021 3534 1448 3602 conditiones
1497 3537 1689 3613 ferre,
1740 3533 1996 3599 bellum
2024 3532 2277 3609 omisit,
2321 3550 2440 3595 ac·

223 3638 449 3723 ceptis
489 3639 875 3706 obsidibus,
963 3639 1076 3705 Ex
1124 3640 1376 3725 quibus
1419 3638 1604 3723 virgo
1645 3656 1781 3703 una
1819 3635 2085 3714 Cloelia,
2136 3632 2440 3717 deceptis

1152 3786 1185 3807 O
1190 3785 1523 3807 „OM”

293 3892 320 3939 1
355 3888 628 3937 Pam-am
648 3887 818 3941 Gron.
830 3887 1052 3953 Donjnt.
1066 3888 1219 3939 Crev.
1238 3848 1540 3938 suestre-2
1561 3888 1652 3938 Ita
1668 3900 1736 3938 ex
1754 3885 1959 3937 emend.
1976 3844 2132 3936 cm.
2152 3898 2251 3949 pro
2272 3883 2442 3944 etfre-

222 3954 318 4002 td·
330 3954 496 4019 filiu,
519 3952 658 4018 qnod
683 3954 826 4015 apud
847 3954 1006 4003 θην.
1035 3955 1243 4017 legitur.
1284 3952 1457 4003 Drak.
1479 3953 1777 4016 suspicatur
1797 3968 1827 4002 e
1848 3951 1968 4003 cod.
1987 3951 2141 4000 Voss.
2164 3948 2442 4013 legendum

225 4032 344 4069 ene
365 4032 672 4083 usqueque
687 4018 880 4079 snam
898 4023 948 4070 ee
963 4018 1218 4086 fllium—⁸
1260 4018 1512 4070 Vindicia-
1533 4018 1701 4071 Gron.
1722 4018 1936 4084 Doujnrt.
1955 4016 2209 4067 Crem—⁴
2242 4014 2443 4078 Tarqui-¹

1117 4178 1127 4187 .
1225 4132 1450 4183 No'rAE

285 4238 310 4266 ⁶
349 4230 418 4279 Et
435 4228 786 4295 Wfllua]
825 4229 890 4279 In
913 4230 1174 4296 plerisque
1207 4246 1296 4281 co·
1374 4244 1433 4279 sc
1458 4228 1758 4295 reliquisse3
1790 4242 1885 4277 nec
1908 4228 2075 4277 Bruto
2096 4223 2230 4275 ullos
2250 4222 2444 4275 sororis

223 4308 428 4359 dicibnn
451 4306 840 4372 legitursmtriae
851 4306 1008 4372 filim.
1067 4308 1174 4359 Sed
1198 4322 1296 4359 uec
1374 4304 1510 4357 filio·
1531 4305 1691 4357 fnisse
1712 4305 1938 4356 invenio.
1980 4302 2173 4353 Uxoris
2189 4301 2445 4354 duntaxat

224 4377 306 4436 M.
341 4384 560 4437 Juninm
597 4382 661 4433 L.
695 4383 850 4433 Bruti
883 4380 1122 4448 fratrem,
1151 4384 1239 4450 qui
1261 4399 1295 4434 a
1371 4381 1567 4433 fratres
1587 4383 1729 4433 inter
1747 4382 2042 4445 conjurato·
2063 4385 2359 4437 occurrunt,
2374 4378 2443 4433 de

222 4460 508 4528 Tarquinio
519 4460 760 4526 Superbo
775 4474 958 4525 casus,
971 4457 1162 4512 liberos
1175 4466 1295 4526 post
1373 4458 1562 4524 quibua
1583 4458 1619 4509 1.
1642 4471 1709 4508 ιι.
1722 4472 1771 4509 c.
1792 4461 1845 4507 4.
