3267 5250
1037 497 1437 548 martenum
1495 496 1713 547 mvn.
2302 479 2477 546 5933

1131 767 1321 835 LIB.
1375 766 1593 833 VIII.

359 949 579 1015 Latini
625 968 781 1016 cum
829 948 1198 1032 Campanis
1237 946 1644 1024 defecerunt,
1685 949 1777 1025 et,
1822 945 2050 1012 missis
2095 947 2341 1029 legatis
2386 945 2476 1012 ad

271 1059 594 1131 senatum,
621 1050 1076 1118 conditionem
1107 1051 1424 1125 tulerunt,
1446 1055 1544 1128 ut,
1569 1048 1629 1113 si
1660 1067 1899 1131 pacem
1930 1049 2178 1114 habere
2207 1051 2475 1129 vellent,

266 1153 554 1232 alterum
586 1175 674 1220 ex
706 1153 970 1221 Latinis
997 1154 1344 1219 consulem
1375 1151 1703 1218 facerent.
1744 1231 1747 1236 Ι
1778 1149 1940 1230 Qua
1964 1152 2305 1234 legatione
2331 1169 2481 1236 per·

269 1255 428 1334 lata,
462 1266 708 1341 praetor
749 1277 980 1322 eorum
1025 1253 1288 1320 Annius
1331 1253 1418 1318 de
1457 1252 1803 1336 Capitolio
1834 1253 1933 1318 ita
1960 1256 2322 1340 prolapsus
2354 1259 2482 1333 est,

271 1363 348 1422 ut
389 1359 906 1425 exanimaretur.
991 1357 1080 1423 Τ.
1113 1356 1414 1422 Manlius
1455 1356 1704 1421 consul
1747 1357 1982 1435 filium,
2025 1355 2207 1441 quod
2252 1363 2485 1422 contra

273 1461 574 1527 edictum
613 1463 980 1528 adversus¹
1030 1460 1332 1536 Latinos,
1361 1459 1677 1544 quamvis
1708 1479 2058 1542 prospere,
2092 1467 2483 1542 pugnasset,

275 1565 498 1628 securi
533 1563 885 1647 percussit.
972 1562 1468 1627 Laborantibus
1513 1561 1582 1626 in
1627 1563 1775 1626 acie
1824 1561 2175 1639 Romanis,
2223 1562 2307 1626 P.
2342 1561 2483 1626 De·

275 1666 448 1742 cius,
491 1673 652 1731 tunc
695 1659 974 1732 cons'ul²
1019 1684 1174 1732 cum
1215 1665 1496 1743 Manlio,
1537 1665 1811 1731 devovit
1852 1685 1929 1730 se
1972 1685 2093 1749 pro
2139 1667 2483 1747 exercitu3

277 1773 368 1844 et,
397 1769 742 1834 concitato
786 1788 964 1855 equo
1008 1788 1161 1834 cum
1198 1768 1268 1833 in
1309 1768 1568 1834 medios
1605 1767 1834 1834 hostes
1875 1788 1949 1833 se
1993 1768 2349 1846 intulisset,
2382 1770 2485 1832 in-
2528 1767 2533 1776 '

274 1871 600 1936 terfectus
648 1879 860 1938 morte
909 1891 1036 1936 sua
1079 1870 1412 1938 Romanis
1456 1872 1804 1936 victoriam
1850 1873 2169 1936 restituit.
2256 1871 2486 1936 Latini

273 1975 344 2038 in
403 1974 816 2040 deditionem
866 1982 1210 2041 venerunt.
1317 1973 1402 2042 Τ.
1455 1974 1723 2039 Manlio
1784 1974 1855 2037 in
1914 1973 2155 2039 Urbem
2211 1993 2485 2038 reverso

273 2095 476 2140 nemo
505 2097 596 2143 ex
615 2079 972 2163 Juventute
1003 2076 1274 2143 obviam
1303 2075 1661 2161 processit.
1753 2074 2061 2140 Minucia
2092 2075 2275 2158 virgo
2305 2075 2487 2139 Ves-

275 2179 434 2243 talis
480 2180 718 2245 incesti
763 2179 1080 2245 damnata
1125 2185 1252 2244 est.
1340 2177 1747 2245 Ausonibus
1787 2178 2011 2252 victiS,
2048 2179 2119 2241 in
2158 2177 2485 2260 oppidum

280 2301 370 2346 ex
403 2282 492 2346 iis
521 2290 796 2366 captum
827 2282 1034 2348 Cales
1053 2290 1074 2330 ³
1109 2280 1382 2347 colonia
1412 2280 1703 2366 deducta
1734 2285 1887 2344 est.e
1959 2279 2135 2344 Item
2162 2279 2485 2362 Fregellas

281 2385 554 2449 colonia
587 2384 898 2450 deductae
939 2391 1115 2450 sunt.
1201 2381 1624 2449 veneficium
1672 2382 2111 2465 complurium
2154 2389 2487 2448 matrona-

280 2505 430 2551 rum
481 2486 970 2572 depreheusum
1019 2493 1175 2566 est,⁴
1249 2506 1534 2572 quarum
1607 2486 1921 2570 plurimoe
1972 2485 2202 2550 statim
2261 2487 2487 2571 epotis

282 2585 842 2657 medicaminibus
887 2578 1250 2677 perierunt.
1339 2589 1490 2655 Lex
1537 2588 1620 2655 de
1654 2587 1979 2655 veneficio
2010 2595 2165 2654 tunc
2196 2589 2489 2672 primum

284 2695 649 2760 constituta
706 2701 834 2760 est.
921 2694 1457 2770 Privernatibus,
1518 2713 1673 2775 cum
1732 2691 2197 2769 rebellassent,
2261 2691 2489 2769 victis,

285 2797 525 2862 civitas
576 2798 737 2865 data
785 2804 910 2865 est.
1014 2797 1515 2883 Palaepolitani,
1556 2796 1735 2862 bello
1782 2801 1855 2861 et
1904 2793 2255 2860 obsidione
2303 2795 2489 2873 victi,

288 2898 355 2963 in
394 2900 796 2967 deditionem
843 2908 1176 2967 venerunt.
1266 2899 1358 2981 Q.
1407 2900 1735 2977 Publilio,
1782 2898 2061 2983 qui.eos
2104 2896 2491 2976 obsederat,

288 3003 506 3085 primo
546 3010 622 3069 et
665 3005 1014 3090 imperium
1063 3004 1420 3089 prolatum,
1450 3008 1518 3068 et
1561 3022 1687 3087 pro
1728 3000 2005 3067 consule
2036 2998 2345 3064 decretus
2374 2999 2493 3064 tri·-

289 3106 630 3189 umphus.5
747 3106 958 3173 Plebs
1007 3126 1200 3172 nexu
1257 3107 1542 3171 liberata
1597 3109 1705 3170 est
1760 3107 2037 3186 propter
2094 3101 2175 3165 L.
2225 3100 2492 3185 Papirii

289 3208 650 3274 creditoris
701 3209 1076 3289 libidinem,
1122 3209 1238 3293 qui
1292 3207 1372 3274 G.
1425 3202 1774 3271 Publilio⁶
1826 3203 2113 3269 debitori
2166 3222 2297 3269 suo
2348 3210 2494 3269 stu-

289 3327 484 3392 prum
513 3308 760 3377 inferre
789 3311 1106 3377 voluerat.
1195 3310 1370 3376 Cum
1405 3307 1486 3374 L.
1519 3306 1845 3391 Papirius
1874 3304 2162 3371 dictator
2189 3322 2491 3371 reversus

289 3410 360 3473 in
405 3410 653 3478 Urbem
696 3412 784 3479 ab
813 3414 1116 3480 exercitu
1146 3416 1325 3479 esset
1351 3416 1616 3495 propter
1648 3406 1958 3492 auspicia
1985 3406 2371 3491 repetenda,
2402 3406 2491 3488 Q.

1211 3590 1333 3613 mo

357 3710 386 3756 1
422 3704 689 3756 Adaei-lum
711 3706 877 3758 Grou.
897 3708 1116 3773 Doujn.
1133 3707 1384 3758 Crem—2
1415 3704 1500 3757 Ab
1521 3702 1646 3753 edd.
1668 3709 1791 3753 aute
1814 3702 1987 3765 Sigon.
2012 3700 2161 3751 abest
2179 3716 2279 3751 vox
2300 3704 2500 3761 coum,-

291 3779 345 3822 et
369 3779 478 3821 vet.
501 3772 596 3821 lib.
621 3787 706 3836 ap.
725 3772 909 3837 Sigon.
931 3773 1090 3825 babet
1109 3781 1312 3823 tautum
1337 3772 1402 3821 Ρ.
1428 3772 1610 3821 Decius
1629 3770 1819 3819 devovit
1836 3770 2000 3817 see—8
2034 3768 2095 3815 In
2111 3766 2333 3831 oppidum
2358 3768 2501 3817 Cales

293 3836 416 3887 edd.
439 3844 564 3885 aute
587 3836 764 3901 Sigon.
832 3838 959 3888 Mox
995 3840 1011 3866 ‘
1028 3852 1107 3887 rv-
1131 3838 1260 3887 Mus.
1293 3836 1488 3887 colonia
1508 3836 1724 3885 deducte
1742 3837 1874 3894 runt,
1896 3833 2049 3887 male,
2076 3831 2153 3895 (v.
2180 3832 2372 3895 Drnk.)
2394 3832 2499 3879 nisi

293 3902 468 3965 potius
506 3900 669 3951 verba
701 3902 884 3952 colonia
918 3903 1121 3953 deductu
1157 3908 1227 3952 ert
1265 3902 1493 3952 delenda
1535 3898 1694 3947 suut)
1727 3898 2031 3963 stirpem-4
2068 3898 2159 3945 Est
2198 3896 2301 3944 del.
2332 3896 2499 3945 Grou-

297 3966 522 4030 Doujat.
555 3967 710 4016 (ἶπον.
743 3976 801 4018 et
833 3965 927 4017 inf.
952 3978 1072 4031 post
1103 3967 1368 4017 constituta
1399 3964 1505 4015 del.
1539 3964 1769 4013 emm—5
1805 3964 1869 4019 Q.
1902 3960 2095 4017 Publio,
2114 3961 2199 4025 qui
2231 3976 2309 4010 eos
2342 3962 2500 4011 obsed.

289 4032 498 4094 pri-un·
534 4030 705 4095 imper.
737 4035 992 4095 prolatum,
1027 4037 1073 4082 et
1104 4046 1192 4096 per
1233 4030 1442 4081 consuler
1473 4029 1520 4078 ei
1557 4031 1685 4078 decr.
1727 4027 1992 4089 triumphus
2026 4028 2145 4074 edd.
2177 4036 2297 4075 ante
2322 4024 2499 4087 Sigou-

297 4097 456 4161 Apud
489 4097 688 4147 Stroth.
721 4108 778 4147 et
813 4098 974 4149 Doer.
1003 4096 1196 4161 legitur
1231 4097 1298 4149 P.
1333 4094 1663 4146 Publilia—e
1699 4092 1759 4141 C.
1783 4092 1955 4141 Publio
1978 4090 2237 4142 edd-ante
2260 4090 2499 4155 Sigon.-

1287 4276 1330 4331 N
1343 4278 1506 4330 0¹1*AE

361 4400 386 4429 Φ
419 4394 618 4445 Colonia
636 4396 838 4445 deduce
859 4394 952 4461 ent]
987 4394 1122 4447 Hae
1145 4394 1264 4446 dele
1285 4408 1404 4445 eum
1427 4392 1592 4445 (ὅπου.
1616 4397 1857 4457 tanqum
1879 4388 1947 4441 ab
1968 4388 2265 4454 interprete
2285 4386 2487 4439 addita.
