3267 5250
1030 531 1433 586 ninaoauu
1480 533 1704 584 mvn.
2289 515 2466 586 ⁵94⁷

252 683 563 765 spectum
594 679 875 746 faceret.
912 709 921 722 ·
964 677 1249 744 AEmilio
1274 677 1525 745 deinde
1550 675 1798 744 Paullo
1833 681 1907 742 et
1935 675 2258 743 Terentio
2289 677 2468 746 Var-

252 802 411 848 rone
458 781 871 848 consulibus
910 787 981 846 et
1022 781 1337 875 ducibus,
1377 801 1532 848 cum
1578 782 1883 849 maxima
1913 780 2112 848 clade
2141 780 2466 848 adversus

250 883 717 951 Hannibalem
742 883 832 950 ad
864 883 1139 950 Cannas
1167 891 1539 970 pugnatum
1570 888 1715 949 est:
1761 903 2078 968 caesaque
2107 903 2191 950 eo
2221 884 2464 968 praelio

248 985 723 1054 Romanorum
756 987 1208 1072 quadraginta
1236 987 1539 1072 quinque
1570 985 1806 1065 millia,
1839 1005 1994 1052 cum
2025 986 2274 1054 Paullo
2305 1007 2467 1052 con-

250 1091 383 1155 sule
410 1097 487 1155 et
516 1091 957 1156 senatoribus
986 1089 1363 1172 octoginta,
1392 1089 1870 1156 consularibus
1892 1095 2099 1174 atque
2127 1091 2465 1173 praetoriis

250 1199 357 1257 aut
384 1193 712 1258 aedilitiis
753 1191 1049 1276 triginta.
1139 1191 1314 1259 Post
1342 1211 1549 1277 quam
1579 1191 1842 1258 cladem
1869 1211 2020 1258 cum
2051 1213 2094 1257 a
2124 1191 2468 1258 nobilibus

248 1295 815 1374 adolescentibus
844 1301 1127 1380 propter
1168 1294 1702 1380 desperationem
1749 1295 2110 1362 consilium
2151 1295 2238 1360 de
2265 1296 2465 1362 relin-

246 1398 521 1482 quenda
554 1397 775 1464 Italia
800 1399 1118 1480 iniretur-3
1163 1398 1247 1464 P.
1276 1397 1640 1465 Cornelius
1681 1399 1920 1483 Scipio
1953 1400 2264 1465 tribunus
2293 1398 2470 1464 mili-

246 1508 409 1581 tum,
464 1503 595 1586 qui
640 1507 877 1586 postea
916 1500 1282 1567 Africanus
1325 1507 1756 1586 nuncupatus
1801 1508 1927 1581 est,
1973 1503 2217 1568 stricto
2265 1521 2468 1586 super

247 1605 483 1689 capita
516 1603 1039 1670 deliberantium
1066 1604 1270 1681 ferro,
1290 1603 1577 1688 juravit,
1602 1623 1678 1668 se
1705 1623 1832 1689 pro
1860 1604 2058 1671 hoste
2093 1603 2469 1670 habiturum

248 1723 427 1784 eum,
460 1707 589 1792 qui
630 1706 703 1770 in
747 1707 959 1772 verba
998 1725 1127 1770 sua
1160 1724 1291 1772 non
1314 1705 1664 1790 jurasset3
1709 1705 2098 1792 effecitque,
2135 1713 2210 1773 ut
2235 1723 2470 1772 omnes

242 1809 529 1873 minime
578 1808 884 1874 relictum
930 1807 1083 1874 iri¹⁸
1128 1827 1172 1874 a
1214 1828 1293 1874 se
1342 1807 1621 1875 Italiam
1655 1806 2102 1895 jurejurando
2150 1811 2472 1892 astringe-

243 1915 493 1974 rentur.
584 1909 939 1976 Praeterea
978 1909 1489 1997 trepidationem
1518 1910 1732 1980 Urbis
1770 1922 1840 1981 et
1882 1913 2212 1991 luctum,¹⁹
2260 1919 2330 1978 et
2362 1931 2468 1978 res

244 2009 311 2074 in
364 2009 728 2095 Hispania
786 2013 1061 2078 meliore
1110 2018 1351 2078 eventu
1400 2019 1631 2097 gestas
1661 2015 1989 2100 ,continet-
2081 2013 2358 2099 Opimia
2403 2019 2471 2080 et

246 2111 595 2194 Floronia,
619 2112 949 2180 Vestales
978 2114 1295 2198 virgines,
1316 2115 1561 2181 incest-i
1584 2115 1922 2184 damnatae
1951 2123 2190 2184 sunt.²⁰
2249 2115 2466 2201 Prop-

244 2218 347 2279 ter
384 2217 809 2300 paucitatem
848 2235 1003 2282 vero
1045 2218 1329 2283 militum
1370 2237 1720 2286 servorum
1759 2229 1920 2286 octo
1961 2221 2173 2287 millia
2207 2229 2470 2286 armata

246 2325 421 2383 sunt.
519 2317 817 2402 Captivi,
848 2338 1003 2384 cnm
1035 2327 1346 2404 potestas
1374 2332 1561 2388 esset
1596 2323 1984 2402 redimendi,
2013 2323 2300 2390 redemti
2329 2341 2469 2388 non

242 2427 431 2510 sunt.
525 2418 826 2484 Varroni
854 2421 1129 2486 obviam
1172 2423 1349 2487 itum
1373 2431 1505 2504 est,
1534 2430 1603 2492 et
1648 2427 1886 2509 gratim
1923 2434 2125 2505 actoe,
2165 2423 2350 2512 quod
2379 2424 2465 2490 de

244 2541 317 2586 re
345 2522 646 2606 publica
672 2542 807 2588 non
830 2521 1293 2609 desperasset.

1181 2690 1543 2715 OOWOOHO

244 2790 379 2836 -18
410 2788 543 2838 Vet.
582 2786 679 2839 lib.
717 2788 857 2853 apud
895 2788 1073 2855 Sigen.
1110 2806 1211 2843 m
1243 2792 1466 2845 relictum
1498 2792 1720 2847 irie-19
1751 2796 1981 2847 Lustrum
2018 2794 2305 2847 Crem—20
2337 2794 2467 2845 Sunt

246 2851 353 2904 del.
370 2853 543 2905 Gron.
566 2854 783 2920 Doujat.
802 2856 961 2907 Crev.

1076 3098 1262 3167 LIB.
1337 3096 1650 3166 XXIII.

328 3280 679 3367 Campani
709 3283 797 3350 ad
829 3284 1285 3353 Hannibalem
1310 3286 1724 3381 defecerunt.
1811 3287 2124 3357 Nuntius
2154 3289 2462 3357 Cannen-

244 3384 343 3449 sis
370 3386 692 3453 victoriae
734 3386 943 3472 Mago
973 3388 1457 3473 Carthaginem
1498 3392 1756 3457 missus
1793 3394 2083 3461 annulos
2127 3415 2382 3475 aureos,
2421 3416 2468 3461 a

245 3486 484 3569 digitis
504 3487 890 3556 occisorum
910 3490 1379 3558 Romanorum
1418 3492 1784 3576 detractos,
1801 3498 1870 3562 in
1901 3500 2242 3566 vestibulo
2265 3501 2467 3565 curiae

242 3588 529 3657 effudit:
578 3612 757 3675 qnos
787 3596 1181 3661 excessisse
1206 3594 1421 3661 modii
1469 3618 1856 3665 mensuram
1897 3603 2204 3669 traditur.
2291 3602 2468 3668 Post

242 3712 449 3771 quem
480 3692 789 3762 nuntiu'm
822 3698 1102 3780 Hanno,
1130 3700 1231 3767 vir
1254 3708 1276 3740 ¹
1322 3720 1415 3767 ex
1444 3700 1688 3768 Poenis
1711 3704 2196 3783 nobilissimus,
2221 3706 2464 3771 suade-

248 3789 363 3858 bat
386 3800 663 3865 senatui
692 3798 1363 3886 Carthaginiensium,
1394 3810 1471 3871 ut
1511 3823 1748 3889 pacem
1781 3825 1825 3872 a
1866 3809 2123 3892 populo
2154 3807 2468 3873 Romano

244 3901 591 3977 peterent:
647 3922 777 3969 nec
808 3906 1046 3985 tenuit,
1075 3905 1499 3991 obstrepente
1530 3905 1828 3974 Barcina
1854 3908 2173 3975 factione.
2263 3908 2467 3976 Clau-

246 3995 403 4063 dius
420 3999 832 4086 Marcellus,
850 4013 1124 4092 praetor,
1147 4009 1239 4075 ad
1263 4008 1542 4090 Nolam,
1562 4012 1912 4097 eruptione
1933 4013 2256 4079 adversus
2279 4014 2469 4078 Han·

247 4100 545 4168 nibalem
596 4127 690 4174 ex
736 4111 999 4195 oppido
1046 4112 1259 4192 facta,
1301 4132 1625 4200 prospere
1667 4116 2018 4199 pugnavit.
2105 4114 2468 4182 Exercitus

248 4198 669 4273 Hannibalis
710 4229 835 4295 per
878 4208 1172 4298 hyberna
1201 4215 1459 4301 Capuae
1498 4218 1599 4283 ita
1643 4218 2028 4283 luxuriatus
2065 4224 2190 4296 est,
2217 4226 2291 4283 ut
2317 4238 2470 4285 cor-

250 4317 483 4381 Pomm
514 4312 775 4378 viribus
818 4320 1027 4399 atque
1060 4319 1432 4383 animorum
1462 4328 1914 4386 enervaretur.
1996 4318 2394 4398 Casilinum,
2425 4341 2470 4386 a

254 4398 497 4467 Poeniss
538 4413 929 4495 obtensum,
976 4416 1079 4484 ita
1114 4420 1295 4486 fame
1334 4428 1660 4487 vexatum
1699 4428 1828 4503 est,
1857 4429 1932 4491 ut
1963 4422 2108 4488 lora
2141 4426 2212 4488 et
2253 4422 2466 4507 pelles
