3267 5250
997 560 1396 611 mmmmm
1447 561 1667 612 mvn:

205 693 430 762 donini
459 695 780 776 continet,
805 695 996 781 quod
1024 693 1344 774 Perseus,
1389 667 1715 798 *Philippi-
1742 693 1942 772 filius,
1988 695 2417 805 moliebatur.

1203 861 1432 916 Nom:

209 957 347 1008 nerii
381 973 504 1024 psrs
535 957 656 1017 fuit.
678 959 946 1026 quaternis
970 958 1169 1010 essibus
1189 973 1280 1011 ve·

209 1033 405 1084 luisset
440 1035 579 1085 unde
611 1047 747 1086 xxv.
779 1036 1078 1087 sestertium
1115 1035 1282 1086 millis

213 1110 442 1174 pretium
485 1112 768 1178 aequabunt
805 1121 1016 1165 centum
1061 1115 1280 1164 millium

212 1187 400 1236 mium
420 1187 536 1251 ejus
561 1191 830 1253 temporis.
885 1191 1176 1256 Distinguit
1198 1206 1280 1241 er·

214 1277 283 1325 go
306 1262 525 1325 Pighius
547 1265 710 1314 millio
733 1268 870 1328 aeris,
901 1275 1146 1332 tannsm
1166 1266 1279 1316 lon·

214 1353 280 1401 ge
315 1341 572 1404 majorem
605 1356 874 1407 summum,
896 1359 928 1395 s
947 1341 1175 1394 millibus
1200 1357 1280 1393 us·

213 1415 367 1479 sium,
385 1417 538 1468 velut
557 1419 741 1469 minori
759 1435 988 1471 summer
1023 1426 1084 1470 ut
1106 1419 1282 1470 videu-

211 1497 324 1552 tur,
345 1493 468 1542 aris
489 1496 717 1560 nomine,
740 1497 942 1560 priscos
963 1510 1104 1546 usses
1125 1494 1282 1546 iibrs-

211 1565 290 1616 les
312 1567 634 1632 intelligere,
665 1579 882 1637 quornm
916 1579 1116 1636 purtem
1153 1571 1284 1621 dun-

215 1647 363 1692 taxst
380 1653 620 1710 quartem
638 1654 694 1700 et
710 1647 1009 1698 vicesimam
1025 1645 1284 1698 imminuti

215 1726 378 1768 etate
397 1720 621 1771 Voconii
643 1735 784 1772 esses
806 1723 1118 1773 reddebant.
1153 1723 1286 1772 Cum

213 1794 394 1859 itaque
415 1799 660 1848 sestertio
678 1799 879 1852 inesset
897 1799 1088 1850 sssium
1105 1799 1286 1864 hujus-

215 1873 354 1921 modi
390 1880 764 1938 quaternorum
797 1875 1040 1941 pretium,
1073 1874 1126 1924 in
1160 1889 1282 1924 cen·

216 1953 324 1997 tum
357 1951 482 2000 oeris
513 1951 645 2001 illins
681 1951 884 2015 antiqui
907 1951 1137 2001 millibus
1159 1965 1283 2015 con·

215 2023 482 2076 tinebetur
515 2029 684 2077 sexies
725 2029 951 2094 pretium
977 2029 1204 2095 quinque
1229 2036 1286 2082 et

217 2101 406 2166 viginti
441 2104 662 2154 millium
707 2106 1088 2155 sestertiorum.
1153 2105 1286 2154 Sex-

217 2176 372 2241 euple
409 2180 549 2230 enim
590 2181 856 2250 proportio
885 2173 967 2231 est
995 2181 1138 2230 iuter
1159 2195 1283 2246 qun-

219 2259 339 2302 tnor
370 2265 431 2304 et
471 2255 655 2322 viginti
686 2267 926 2322 quatuor.
992 2256 1148 2310 Quod
1186 2271 1286 2323 ego

218 2338 568 2382 commentum
601 2334 674 2390 ‚nd
713 2322 844 2384 alins
881 2349 1084 2400 quoque
1119 2333 1286 2398 expli-

219 2407 417 2456 candus
462 2407 800 2460 difficultates
843 2412 1148 2476 neutiquam
1188 2410 1285 2459 im-

221 2483 572 2546 probaverim.
645 2488 961 2547 Baehovius‚
1001 2487 1068 2538 ud
1107 2488 1284 2538 Instit.

219 2560 324 2610 Tit.
335 2561 404 2611 de
427 2564 577 2614 Fidei
594 2566 959 2616 commissoriis
984 2565 1285 2616 Heredita-

220 2636 384 2704 tibns,
407 2647 558 2703 pntet
572 2644 864 2694 Voconium
885 2658 946 2692 sc
967 2644 1188 2694 Dionem
1211 2642 1287 2693 lo·

223 2723 374 2767 cutes
401 2710 522 2768 esse
550 2720 616 2769 de
641 2720 853 2770 minimo
883 2733 1066 2781 censu,
1088 2724 1288 2783 qnartae

222 2792 428 2844 scilicet
457 2796 658 2856 clusis,
691 2796 780 2860 qui
814 2796 978 2845 fuerit
1013 2808 1146 2845 xxV.
1175 2795 1289 2843 rnil-

225 2869 346 2919 linm
371 2871 585 2930 assium,
607 2886 674 2921 ex
710 2872 958 2921 instituto
977 2870 1150 2921 Servii
1169 2872 1289 2921 Tul-

224 2946 312 3007 lii;
344 2953 403 2997 et
446 2954 666 2997 eatenus
709 2948 955 2998 mulieres
1011 2948 1122 2997 vult
1175 2961 1292 2997 esse

227 3021 459 3071 haeredes
505 3024 736 3087 potuisse
792 3023 902 3087 ejus
959 3023 1048 3088 qui
1103 3037 1292 3074 census

228 3106 401 3149 esset:
437 3114 622 3149 censes
645 3100 842 3165 qnippe
869 3100 1186 3163 generaliter
1219 3102 1293 3150 ei·

229 3190 319 3224 ves
341 3176 616 3238 intelligit,
645 3190 793 3241 reque
826 3175 988 3225 infimi
1015 3192 1077 3225 ue
1110 3176 1294 3226 summi

227 3266 425 3303 census.
504 3247 614 3303 Sed
657 3253 772 3303 haec
822 3260 1020 3316 praeter
1074 3253 1296 3304 eliorum

228 3327 593 3380 fere¹omnium
616 3337 862 3379 mentem.

293 3406 424 3456 Mihi
459 3421 605 3472 vero,
643 3407 745 3456 etsi
782 3406 1045 3471 explorati
1083 3406 1204 3456 nihil
1240 3405 1294 3457 in

229 3480 366 3531 hisee
405 3482 568 3532 rebus
611 3497 695 3532 me
742 3482 1024 3533 allaturum
1072 3482 1296 3546 confido,

233 3557 372 3607 alind
395 3558 702 3623 suspicandi
739 3559 1067 3610 occasionem
1101 3562 1296 3611 vetusti

230 3640 466 3684 suctores
523 3635 782 3699 prebent.
865 3635 1070 3686 Horum
1126 3638 1296 3703 primo

231 3712 399 3760 nullus
445 3722 645 3775 quarte
695 3712 862 3775 partis
917 3714 970 3763 in
1027 3715 1296 3765 mulierem

233 3784 566 3837 eonferenda
621 3788 871 3837 meminit.
973 3789 1112 3839 Sane
1171 3804 1298 3841 vero

231 3864 456 3928 quinque
479 3872 536 3913 et
559 3864 750 3927 viginti
781 3866 1080 3915 sestertium
1117 3868 1296 3931 millis,

233 3948 466 4004 quartam
492 3948 698 4004 partem
722 3938 921 3991 fuciunt
942 3940 1130 4005 viginti
1152 3944 1300 4007 quin-

232 4030 334 4081 que
354 4017 572 4065 millium
593 4015 959 4065 drachmarum
995 4018 1105 4067 sive
1138 4017 1299 4068 ‹iene-

234 4096 458 4156 riorum3
490 4100 603 4156 eut,
633 4094 772 4158 qnod
787 4094 934 4145 idem
959 4102 1061 4158 est,
1084 4104 1292 4147 centum

235 4172 448 4220 millium
487 4171 812 4220 sestertium.
880 4172 984 4222 Sed
1025 4172 1110 4221 hic
1149 4174 1296 4223 mini-

235 4262 346 4296 mus
381 4254 498 4297 eret
532 4260 722 4296 census
758 4248 938 4310 primae
961 4248 1172 4297 classisx
1211 4263 1297 4298 eo·

239 4339 352 4374 rum
371 4331 569 4388 sutem,
591 4324 677 4388 qui
713 4324 764 4371 in
804 4324 902 4372 hec
936 4324 1103 4373 classe
1137 4326 1301 4388 censi,

237 4402 430 4451 multos
462 4399 623 4450 fuisse
658 4414 810 4450 nemo
837 4398 1063 4463 ignoret,
1084 4414 1301 4466 quorum

241 4491 344 4528 non
367 4476 534 4528 solum
566 4476 750 4542 duplo.
789 4475 967 4542 triplo,
1005 4476 1302 4545 quadruplo

1357 957 1525 1022 major
1543 971 1755 1021 census,
1776 957 1869 1008 sed
1892 959 1979 1024 qui
2011 958 2207 1017 decies,
2240 959 2422 1024 vicies,

1357 1034 1516 1088 immo
1559 1035 1756 1099 pluries
1790 1035 1927 1084 hunc
1965 1047 2175 1085 censum
2206 1049 2419 1098 superu-

1358 1119 1496 1162 rent.
1559 1110 1715 1160 Unde
1754 1117 1995 1174 apparet,
2029 1111 2073 1160 si
2112 1109 2423 1176 locupletior

1357 1189 1516 1258 psulo
1535 1193 1678 1236 esset
1696 1186 1993 1249 haereditss,
2014 1187 2319 1252 contingere
2341 1185 2420 1237 fs·

1358 1263 1461 1313 elle
1499 1263 1752 1327 potuisse,
1788 1269 1847 1312 ut
1881 1263 1934 1313 in
1972 1263 2157 1327 viginti
2194 1265 2423 1330 quinque

1358 1339 1660 1389 sestertium
1682 1337 1930 1403 millibus,
1944 1353 2012 1389 ne
2030 1337 2427 1404 quadregesima

1359 1415 1570 1480 quidem
1591 1430 1711 1479 psrs
1730 1415 2057 1467 haereditstis
2075 1416 2423 1467 inveniretur:

1362 1493 1525 1542 veluti
1542 1492 1586 1542 si
1610 1499 1834 1543 teststor
1850 1492 1989 1542 ultra
2008 1491 2185 1542 decies
2198 1500 2424 1543 centens

1363 1567 1525 1618 millis
1551 1567 1865 1635 possideret..
1927 1566 2160 1631 Deinde,
2180 1574 2242 1618 ut
2275 1574 2424 1618 reete

1363 1644 1607 1695 observet
1656 1643 1973 1706 Gronovius,
2017 1643 2217 1708 antiqui
2260 1643 2425 1709 scrip·

1364 1728 1523 1778 tores,
1545 1721 1683 1787 sputi
1718 1735 1847 1786 quos
1869 1719 2119 1771 Voconia
2156 1719 2286 1784 legis
2308 1734 2427 1770 ves-

1364 1800 1491 1866 tigia
1513 1805 1815 1866 supersunt,
1830 1805 2026 1862 negent
2040 1797 2092 1848 in
2103 1797 2427 1862 universnm,

1364 1877 1666 1927 mulieribus
1700 1883 1902 1940 partem
1924 1874 2249 1926 haereditatis
2272 1875 2427 1925 nllsm

1363 1967 1477 2004 esse
1501 1968 1533 2004 s
1553 1953 1790 2003 Voconio
1812 1959 2091 2002 servstsm.
2138 1951 2267 2015 Ejus
2288 1965 2431 2001 men·

1367 2031 1442 2082 tio
1477 2038 1625 2081 extet
1658 2029 1891 2095 inprimis
1924 2029 2065 2094 apud
2098 2029 2178 2080 M.
2200 2029 2429 2079 Tullium

1366 2121 1468 2157 non
1493 2108 1674 2157 semel.
1727 2106 1783 2157 Is
1808 2106 1863 2154 in
1887 2104 2040 2156 Oret.
2064 2118 2160 2168 pro
2183 2103 2431 2154 Cornelio

1365 2183 1534 2233 Bulbo
1558 2181 1699 2232 eliud
1734 2181 1863 2232 nihil
1900 2179 2050 2236 dicit,
2072 2193 2225 2245 quem
2258 2180 2430 2229 Voco-

1366 2259 1510 2307 nium
1563 2259 1580 2285 ⁸
1607 2259 1775 2322 legem
1822 2255 2002 2306 tulisse
2046 2253 2115 2304 de
2158 2253 2431 2304 mulierum

1368 2331 1767 2383 haereditstibus
1787 2329 1833 2394 ς’
1860 2331 2079 2381 Verrius
2102 2337 2277 2390 sutem
2300 2343 2340 2380 ι.
2364 2344 2431 2380 ne

1372 2412 1509 2477 quis,
1521 2411 1572 2460 in
1593 2418 1879 2475 posterum,
1892 2408 1999 2472 qui,
2012 2414 2133 2473 post
2146 2422 2236 2457 eos
2252 2421 2433 2458 censo-

1371 2500 1475 2549 res,
1490 2499 1675 2536 census
1696 2491 1856 2543 esset,
1878 2487 1895 2512 ⁸
1908 2483 2170 2534 haeredem
2183 2483 2433 2548 virginem

1371 2563 1710 2613 mulieremve
1768 2559 2019 2612 fuceret.’
2102 2560 2435 2624 Epitomstor

1369 2640 1528 2691 etiam
1555 2640 1687 2689 Livii
1707 2644 1930 2689 testatur
1960 2632 2121 2687 latiam
2144 2652 2176 2686 a
2198 2636 2434 2687 Voconio

1370 2718 1513 2768 Ssxn
1535 2715 1703 2779 legem
1721 2715 1739 2743 ‘
1757 2727 1824 2764 ne
1847 2712 1964 2779 quis
1984 2713 2247 2763 mullerem
2269 2713 2436 2762 haere·

1369 2796 1488 2844 dem
1513 2790 1849 2845 institueret?
1897 2789 1965 2841 Α.
1985 2790 2189 2841 Gellius
2210 2792 2245 2840 l.
2270 2804 2367 2841 xx.
2388 2806 2437 2841 c.

1373 2876 1422 2921 1.
1447 2884 1556 2919 rem
1591 2883 1697 2918 non
1734 2866 1859 2917 setis
1892 2868 2163 2931 perspicue
2186 2857 2432 2931 exponi'tz

1372 2945 1705 3011 plebiscitum
1743 2951 1946 2994 tentum
1983 2942 2271 2992 Voconium
2306 2944 2439 2995 dicit

1370 3023 1388 3052 ‘
1409 3022 1476 3072 de
1499 3019 1801 3072 coercendis
1824 3018 2093 3068 mulierum
2115 3018 2438 3068 hereditati·

1373 3095 1508 3147 bus-³
1575 3098 1649 3147 D.
1672 3094 1995 3157 Augustinus
2024 3091 2116 3141 lib.
2136 3105 2222 3142 ιιι.
2260 3094 2327 3142 de
2350 3092 2440 3143 Ci-

1374 3174 1469 3223 vit.
1490 3171 1613 3228 Dei,
1635 3186 1755 3235 cup.
1769 3174 1853 3220 21.
1870 3171 2033 3219 lutum
2058 3166 2218 3218 fuisse
2235 3168 2440 3231 scribit,

1373 3252 1391 3281 ⁸
1416 3264 1481 3299 ne
1502 3252 1612 3315 quis
1635 3249 1895 3298 haeredem
1929 3245 2193 3296 foeminsm
2221 3245 2443 3310 feceret,

1376 3330 1460 3378 vel
1504 3328 1709 3378 unicam
1752 3322 1967 3377 filismz’
2004 3324 2140 3389 quod
2180 3332 2234 3375 et
2273 3324 2441 3376 Asco-

1376 3406 1491 3455 nius
1514 3402 1755 3454 sffirrnet.
1823 3401 2077 3453 Existimo
2099 3400 2260 3467 igitur
2281 3402 2358 3453 its
2382 3417 2442 3455 se

1376 3495 1486 3531 rem
1509 3480 1770 3541 hsbubse,
1784 3487 1843 3530 ut
1866 3478 2104 3529 absolute
2129 3477 2195 3527 sb
2216 3478 2441 3529 heredi·

1378 3566 1488 3611 tate
1509 3560 1757 3609 ditiorum
1794 3556 2021 3606 i'oeminae
2045 3554 2333 3618 generatim
2358 3570 2440 3605 sr-

1376 3643 1656 3697 σοι-ουτως
1704 3634 1835 3683 adeo
1879 3640 1940 3682 ut
1965 3646 2082 3695 ‚nee
2123 3638 2443 3683 testamento

1379 3713 1542 3777 putris
1575 3711 1687 3761 filia
1714 3710 1938 3761 haeredis
1974 3709 2129 3759 titulo
2165 3710 2441 3775 quicquam

1378 3790 1667 3853 scciperet.
1752 3786 1950 3852 Negsri
1990 3784 2183 3836 tsmen‘
2208 3801 2309 3835 non
2348 3802 2443 3851 po-

1379 3872 1506 3926 test,
1545 3864 1669 3930 quin
1700 3864 1879 3929 legere
1906 3860 1956 3912 ei
1980 3862 2196 3929 sliquid,
2218 3870 2309 3914 eut
2347 3878 2445 3927 per

1377 3942 1831 3992 fideicommissum
1877 3940 2174 4003 relinquere
2211 3940 2443 3990 licuerit.

1379 4020 1628 4073 Quamvis
1675 4018 1833 4076 enim,
1888 4023 2039 4066 certo
2083 4022 2141 4066 et
2185 4018 2445 4067 communi

1365 4096 1510 4162 jure,
1529 4102 1800 4159 receptum
1823 4100 1947 4144 ente
1968 4092 2189 4156 Augusti
2210 4102 2445 4159 tempore

1378 4188 1479 4223 non
1525 4171 1681 4222 fuisse
1734 4170 2251 4220 fideicommissorum
2293 4186 2443 4221 usum

1384 4249 1560 4300 tradet
1583 4248 1910 4299 Justinisnus
1947 4246 1998 4295 in
2038 4246 2359 4298 Institution.
2386 4248 2445 4298 li-

1385 4335 1510 4392 quet
1531 4324 1857 4375 nihilominus
1878 4337 1945 4372 ex
1962 4322 2041 4384 iis,
2057 4338 2172 4385 quur
2193 4322 2259 4373 de
2279 4325 2446 4375 Fsbio

1385 4403 1542 4455 Gallo
1577 4408 1757 4452 narrat
1794 4400 1981 4450 Cicero
2014 4399 2242 4454 Verrina
2268 4414 2307 4451 ι.
2341 4415 2446 4453 non

1383 4480 1619 4546 ignotum
1655 4490 1868 4544 prorsus
1891 4473 2050 4527 fuisse
2072 4475 2232 4541 priori
2256 4480 2446 4529 soeculo
