3267 5250
981 502 1378 554 mmmmm
1429 505 1653 555 mvn.
2241 493 2417 558 6011

221 644 369 709 date
443 648 512 709 et
577 607 930 712 crudeliter
995 647 1264 734 direpta
1319 650 1695 733 provincia,
1729 627 1811 700 ’δ’
1853 651 2419 739 incursionesque

219 745 550 812 Thracum
577 747 648 812 in
679 747 1184 830 Macedoniam,
1211 751 1607 818 referuntur.

275 1005 306 1052 a
337 1005 498 1058 uam
519 1005 750 1071 Rupert.
770 1021 836 1058 ex
859 1007 966 1060 Μ..
985 1009 1188 1063 noenu.
1207 993 1412 1076 direpta
1425 1011 1706 1076 proaem.

973 1277 1161 1345 Lm.
1205 1277 1661 1382 Lxxxm.

297 1459 377 1526 C.
411 1461 712 1527 Fimbria
733 1461 802 1528 in
829 1461 1026 1542 Asia,
1055 1463 1226 1530 fusis
1253 1465 1498 1549 praelio
1527 1464 1793 1550 aliquot
1820 1464 2161 1554 praefectis
2178 1467 2236 1513 ¹⁴
2278 1464 2421 1529 Mi-

219 1562 544 1638 thridatis,
581 1565 810 1630 urbem
841 1564 1250 1650 Pergamum
1285 1568 1495 1650 cepit,
1519 1567 2008 1654 obsessumque
2021 1585 2267 1651 regem,
2288 1585 2421 1632 non

218 1665 485 1731 multum
517 1665 762 1746 abfuit,
795 1667 958 1752 quin
987 1677 1288 1754 caperet.
1377 1667 1639 1735 Urbem
1672 1667 1871 1747 Ilion,
1902 1687 2056 1752 quae
2088 1687 2165 1732 se
2194 1673 2421 1752 potes-

217 1768 330 1832 tati
373 1767 589 1853 Syllae
634 1770 1042 1849 reservabat,
1095 1770 1641 1855 expugnavit,ac
1693 1769 1966 1846 delevit,
1994 1776 2068 1834 et
2104 1787 2421 1852 magnam

215 1875 468 1953 partem
493 1870 686 1938 Asiae
714 1875 990 1957 recepit.
1077 1872 1270 1959 Sylla
1297 1873 1530 1938 multis
1549 1880 1601 1922 ¹⁵
1631 1873 1889 1958 praeliis
1910 1871 2219 1942 Thracas
2246 1871 2423 1936 ceci·

219 1973 334 2038 dit.
424 1973 600 2040 Cum
646 1974 728 2040 L.
757 1974 982 2040 Cinna
1029 1982 1099 2041 et
1153 1974 1280 2042 Cn.
1311 1975 1630 2060 Papirius
1680 1975 1934 2055 Carbo,
1987 1975 2075 2041 ab
2122 1993 2199 2039 se
2240 1973 2421 2057 ipsis

219 2075 526 2142 consules
552 2096 672 2160 per
697 2078 1037 2142 biennium
1067 2079 1301 2157 creati,
1343 2076 1601 2143 bellum
1642 2081 1888 2143 'contra
1930 2075 2193 2162 Syllam
2224 2095 2423 2159 para-

217 2176 434 2257 rent,¹⁶
477 2178 786 2246 effectum
831 2188 940 2247 est
989 2199 1112 2265 per
1156 2180 1238 2247 L.
1269 2179 1621 2247 Valerium
1670 2180 1997 2247 Flaccum
2039 2178 2424 2263 principem

220 2286 508 2358 senatus,
545 2281 666 2366 qui
710 2283 1081 2348 orationem
1125 2283 1202 2348 in
1247 2291 1491 2348 senatu
1534 2281 1790 2360 habuit,
1832 2288 1907 2347 et
1946 2301 2073 2365 per
2114 2299 2258 2358 eos,
2305 2279 2423 2364 qni

218 2382 590 2450 concordiae
615 2384 1008 2464 studebant,
1035 2390 1112 2450 ut
1137 2385 1350 2469 legati
1379 2385 1468 2450 ad
1493 2384 1757 2469 Syllam
1776 2384 1859 2450 de
1880 2403 2052 2469 pace
2082 2384 2425 2448 mitteren-

215 2493 343 2549 tur.
431 2484 648 2551 Cinna
677 2488 765 2553 ab
792 2489 1098 2553 exercitu
1131 2507 1286 2561 suo,
1311 2507 1512 2572 quem
1543 2487 1831 2552 invitum
1875 2488 2164 2570 cogebat
2208 2503 2421 2550 naves

217 2589 656 2656 conscendere
686 2595 758 2657 et
783 2589 1110 2659 adversus
1139 2591 1399 2677 Syllam
1425 2589 1791 2676 proficisci,
1820 2589 2205 2659 interfectus
2230 2595 2420 2653 est.¹⁷

217 2691 644 2758 Consulatum
675 2692 902 2760 Carbo
931 2694 1120 2759 solus
1148 2694 1378 2777 gessit.
1468 2694 1685 2779 Sylla,
1717 2713 1869 2759 cum
1902 2694 1971 2758 in
2000 2690 2240 2757 Asiam
2286 2700 2422 2757 tra-

209 2794 508 2879 jecisset,
538 2814 774 2878 pacem
805 2815 956 2861 cum
992 2794 1384 2862 Mithridate
1413 2796 1598 2874 fecit,
1631 2796 1732 2861 ita
1762 2802 1839 2860 ut
1868 2796 1933 2860 is
1963 2793 2235 2859 cederet
2263 2812 2421 2877 pro-

217 2896 452 2962 vinciis
478 2894 530 2935 ⁸⁸
573 2894 770 2976 Asia,
824 2897 1170 2982 Bithynia,
1199 2896 1667 2982 Cappadocia.
1758 2896 2081 2975 Fimbria,
2116 2895 2420 2961 desertus

217 3001 298 3064 ab
327 2999 660 3077 exercitu,
701 2999 818 3083 qui
868 2998 958 3064 ad
1007 2999 1268 3084 Syllam
1318 3000 1692 3076 transierat,
1738 2997 1892 3083 ipse
1926 3016 2000 3062 se
2054 2998 2419 3081 percussit,

215 3102 724 3187 impetravitque
756 3100 840 3167 de
869 3120 1069 3169 servo
1101 3122 1250 3185 suo,
1278 3102 1595 3188 praebens
1625 3102 1981 3179 cervicem,
2028 3107 2104 3166 ut
2134 3120 2209 3166 se
2239 3101 2417 3167 occi-

222 3204 476 3271 deret.¹⁹

1149 3318 1262 3341 ΟΜ
1272 3316 1510 3340 ‘Gom‘

275 3434 336 3481 14
371 3430 598 3483 Quidam
619 3430 754 3481 Mu.
776 3434 833 3478 et
853 3428 976 3479 edd.
997 3414 1334 3491 enttsaliqmae
1354 3424 1502 3489 copiis
1522 3423 1730 3474 Ihm—15
1766 3424 1899 3474 Mn.
1925 3424 2066 3489 Sylla
2102 3426 2421 3489 compluribus

219 3504 272 3545 et
292 3498 428 3561 Sylla
444 3496 576 3547 enim
687 3494 969 3543 riba-le
1001 3492 1134 3543 Mu.
1151 3496 1443 3557 proeparent,
1471 3495 1823 3553 περσαῖαι,
1846 3495 1903 3539 et
1922 3497 2221 3553 repararent.
2284 3492 2417 3541 Mox

215 3560 396 3625 qudam
415 3570 538 3627 post
559 3576 586 3611 e
630 3564 785 3609 ectum
800 3556 923 3607 add.
951 3558 1070 3609 edd.
1091 3564 1216 3607 ante
1241 3557 1551 3620 sigum—1⁷
1573 3554 1899 3617 Inter-emptu
1916 3560 1989 3603 est
2010 3554 2175 3605 Gron.
2205 3557 2417 3621 Doujat.

217 3626 500 3677 Crem-18
535 3623 806 3675 Provinciis
825 3622 931 3673 del.
953 3622 1086 3672 end.
1151 3622 1312 3672 Malit
1346 3620 1502 3669 Crev.
1527 3619 1796 3681 provincia,
1832 3620 2074 3684 quoniam
2108 3620 2320 3685 Bithyn.
2360 3628 2419 3671 et

217 3691 377 3756 Capp-
396 3706 500 3743 non
521 3688 674 3741 fuere
695 3702 760 3739 eo
785 3694 1020 3752 tempore
1043 3687 1324 3750 provincia
1347 3684 1500 3733 Rom.
1531 3682 1628 3733 ned
1648 3688 1956 3747 regma—19
1992 3684 2364 3751 Impar-coitque
2382 3701 2415 3735 a

215 3769 342 3805 servo
375 3788 392 3805 .
413 3788 428 3806 .
450 3790 466 3805 .
495 3762 554 3806 nt
590 3769 700 3807 eun
735 3753 924 3805 omo
963 3752 1256 3818 interficeret
1297 3749 1419 3799 edd.
1465 3756 1590 3799 ante
1634 3747 1817 3814 Sigon.
1912 3749 2213 3814 Inter-ficeret
2247 3752 2415 3803 Gron-

215 3822 424 3895 Dou'pt.
446 3822 604 3874 Crev-

971 4055 1158 4122 LIB.
1203 4051 1653 4121 Lxxxlv.

293 4246 488 4332 Sylla
529 4248 790 4331 legatis,
843 4244 960 4331 qni
1011 4264 1056 4309 a
1095 4245 1326 4309 senatu
1373 4241 1571 4305 missi
1619 4242 1833 4316 erant,
1880 4235 2181 4303 futurum
2216 4255 2291 4303 se
2338 4236 2411 4303 in

213 4354 545 4433 potestate
571 4356 844 4417 senatus
871 4344 1240 4432 respondit,
1283 4342 1346 4411 si
1375 4344 1590 4423 cives,
1619 4342 1739 4428 qni
1788 4339 2043 4427 pulsia
2072 4336 2291 4407 Cinna
2318 4336 2411 4407 ad
