3267 5250
994 549 1393 603 unaoatm
1442 551 1667 603 mvn.
1887 603 1906 616 ,
2253 535 2432 604 m

266 693 714 781 ementisque,
754 715 915 782 qum
956 695 1292 780 praedives
1338 695 1706 762 Corinthos
1746 693 2008 775 babuit,
2035 693 2108 760 in
2149 695 2430 764 domum

266 797 393 881 ejus
413 799 720 882 pervenit.
808 794 903 877 Q.
952 798 1273 865 Caecilius
1322 797 1648 864 Metellus
1689 798 1778 864 de
1817 797 2160 864 Andrisco
2197 799 2430 866 trium·-

264 899 501 982 pbavit3
544 900 627 965 P.
675 899 1033 968 Cornelius
1082 900 1321 986 Scipio
1372 899 1740 968 Africanus
1801 900 2208 966 AEmilianus
2229 899 2284 944 ¹⁶
2341 901 2428 968 de

264 1001 623 1086 Cartbagine
650 1007 723 1068 et
753 1003 839 1068 de
878 1002 1348 1070 Hasdrubale.
1433 1001 1791 1069 Viriathus
1817 1004 1888 1068 in
1917 1001 2259 1088 Hispania
2285 1003 2429 1088 pri-

262 1123 415 1170 mum
439 1125 523 1172 ex
551 1115 827 1190 pastore
856 1113 1153 1186 venator,
1181 1125 1273 1172 ex
1302 1113 1619 1172 venatore
1649 1107 1848 1185 latro,
1877 1125 2046 1171 mox
2054 1104 2228 1190 justi
2257 1125 2424 1192 quo-

261 1226 367 1290 que
405 1209 731 1274 exercitus
785 1209 930 1274 dux
984 1207 1235 1289 factus,
1278 1215 1493 1276 totam
1538 1207 1962 1276 Lusitaniam
2008 1211 2378 1294 occupavit
2403 1229 2426 1292 3

260 1307 343 1372 M.
366 1308 679 1376 Vetilium
701 1319 753 1362 ¹⁷
796 1315 1179 1396 praetorem,
1226 1311 1382 1378 fuso
1427 1309 1579 1396 ejus
1621 1312 1954 1390 exercitu,
2003 1315 2215 1396 cepit:
2260 1318 2425 1397 post

259 1429 421 1494 quem
452 1411 529 1476 C.
559 1411 871 1478 Plautius
888 1420 1137 1498 praetor
1165 1413 1376 1478 nihilo
1402 1411 1668 1478 felicius
1693 1432 1831 1478 rem
1860 1414 2108 1498 gessit:
2140 1417 2426 1480 tantum-

257 1532 363 1596 que
385 1514 650 1580 terroris
673 1515 724 1554 ¹⁸
768 1515 829 1580 is
857 1515 1073 1580 hostis
1104 1515 1349 1593 intulit,
1392 1520 1473 1580 ut
1515 1515 1845 1581 adversus
1887 1535 2037 1582 enm
2081 1515 2423 1582 consulari

257 1635 401 1699 opus
426 1625 609 1683 esset
652 1625 725 1683 et
754 1617 925 1684 duce
960 1624 1027 1684 et
1054 1619 1420 1683 exercitu..
1474 1617 1814 1684 Praeterea
1855 1623 2082 1684 motus
2110 1616 2328 1702 Syriae
2353 1621 2424 1684 et

256 1717 401 1792 bena
425 1723 591 1787 inter
616 1739 805 1804 reges
832 1729 1025 1803 gesta
1052 1719 1446 1786 reseruntur.
1532 1715 1952 1798 Alexander,
1981 1719 2190 1788 homo
2235 1718 2420 1802 igno-

254 1825 341 1885 tus
357 1828 419 1886 et
441 1824 715 1890 incertae
742 1822 999 1908 stirpis,
1029 1823 1266 1890 occiso
1292 1821 1505 1910 (sicut
1532 1826 1688 1889 ante
1718 1821 1970 1888 dictum
1997 1819 2140 1907 est)
2169 1819 2420 1886 Deme-

254 1923 357 1986 trio
374 1941 539 2009 rege,
570 1925 639 1990 in
680 1927 881 2012 Syria
924 1926 1277 2010 regnabat.
1366 1925 1576 1992 Hunc
1622 1924 2036 1998 Demetrius,
2089 1920 2421 1989 Demetrii

251 2021 421 2105 filius,
446 2029 565 2113 qui
596 2047 641 2094 a
670 2033 863 2114 patre
893 2028 1237 2114 quondam
1266 2029 1357 2095 ob
1384 2029 1684 2095 incertos
1724 2027 1892 2093 belli
1919 2045 2124 2094 casus
2147 2025 2418 2108 ablega·

250 2131 342 2190 tus
366 2127 627 2194 Gnidon
653 2129 892 2210 fuerat,
920 2135 1263 2196 contemta
1284 2130 1602 2197 socordia
1618 2130 2000 2213 inertiaque
2023 2127 2200 2212 ejus,
2223 2127 2420 2213 adju·

250 2235 419 2296 vante
461 2230 837 2298 Ptolemaeo
866 2232 1147 2318 AEgypti
1188 2252 1368 2317 rege,
1404 2232 1609 2318 cujus
1641 2230 1852 2298 tiliam
1883 2229 2315 2316 Cleopatram
2345 2231 2418 2296 iu

248 2333 705 2398 matrimonium
762 2341 1141 2418 acceperat,
1196 2335 1383 2401 bello
1430 2335 1784 2400 interemit.
1870 2333 2310 2410 Ptolemaeus,
2347 2333 2416 2398 in

248 2445 419 2516 caput
446 2437 737 2518 graviter
780 2435 1185 2516 vulneratae,
1216 2432 1389 2502 inter
1416 2436 1856 2515 curationem,
1889 2434 2048 2501 dum
2084 2453 2250 2501 ossa
2275 2455 2416 2501 me·

246 2533 352 2599 dici
372 2540 699 2604 terebrare
722 2537 1159 2618 contendunt,
1184 2537 1585 2624 exspiravit,
1615 2543 1820 2623 atque
1845 2537 1916 2603 in
1945 2538 2173 2614 locum
2197 2539 2342 2624 ejus
2363 2545 2419 2589 ⁸⁹

244 2634 406 2704 frater
440 2642 661 2709 minor
699 2642 1131 2722 Ptolemaeus»,
1170 2642 1291 2728 qui
1337 2642 1621 2727 Cyrenis
1669 2643 2019 2727 regnabat,
2059 2639 2412 2708 successit.

245 2738 583 2811 Demetrius
613 2745 708 2811 ab
736 2744 1225 2825 crudelitatem,
1251 2764 1457 2830 quam
1486 2764 1609 2830 per
1630 2751 1962 2811 tormenta
1989 2745 2058 2809 in
2087 2762 2252 2809 suos
2281 2760 2412 2809 ex-

244 2846 496 2926 ercebat,
526 2868 571 2914 a
600 2847 909 2913 Diodoto
939 2847 1259 2931 quodam,
1287 2867 1418 2914 uuo
1462 2866 1551 2912 ex
1588 2846 1939 2931 subjectis,
1965 2844 2092 2929 qui.
2111 2842 2412 2911 Alexan-

243 2944 323 3011 dri
340 2956 391 2991 *θ
412 2951 575 3031 filio,
602 2951 865 3018 bimulo
888 2950 1278 3031 admodum,
1301 2969 1579 3033 regnum
1610 2950 1981 3027 asserebat,
2001 2948 2182 3013 bello
2207 2966 2410 3033 snpe-

244 3056 413 3131 ratus,
436 3054 827 3152 Seleuciam
860 3054 1184 3137 confugit.
1242 3052 1323 3119 Ia.
1350 3052 1728 3118 Mummius
1756 3052 1845 3117 de
1869 3050 2148 3117 Achaeis
2177 3050 2410 3116 trium-

240 3150 487 3231 phavit:
562 3157 767 3240 signa
818 3174 1001 3224 aerea
1056 3174 1556 3241 marmoreaque
1604 3159 1674 3221 et
1722 3154 1993 3221 tabulas
2048 3154 2277 3240 pictas
2335 3152 2410 3219 in

240 3254 521 3343 triumpho
552 3258 743 3326 tulit.

930 3504 1883 3619 ⁰0¹ujaLSueatu1-Gronn·
1919 3556 1987 3605 Ρ.
2065 3620 2075 3633 .

927 3619 1095 3735 :ede
1115 3629 1237 3671 ante
1260 3572 1420 3671 Ηιωιί.
1450 3621 1573 3685 iguo
1637 3627 1697 3668 nt
1727 3620 1841 3671 Gro
1843 3620 2154 3732 mauja}-

888 3589 1124 3871 21-3'31'1'

1095 3688 1129 3733 Φ

1175 3637 1295 3735 ι

1294 3571 1523 3932 {³³3

1462 3634 1668 3801 ’ἐξ

1635 3635 1754 3800 εξ,

1719 3570 2022 3865 ξῗξ

236 3816 999 3891 &mamper-tmen«,
1022 3806 1443 3879 ιἰιυίιιυσιιὺὶεὲω
1490 3814 1758 3865 amco
1779 3764 2404 3879 quoda-,qssmeoemrt

236 3879 304 3923 Μ.
328 3880 517 3931 emend.
545 3880 724 3933 Grou.
788 3878 1437 3945 ADwamqodmedd
1460 3881 1784 3945 antesigom

1072 4144 1266 4211 LIB.
1312 4144 1515 4214 LIII.

298 4326 409 4415 Ap.
437 4330 774 4398 Claudius
804 4330 1040 4397 consul
1070 4330 1416 4410 SalassoS,
1444 4336 1706 4416 gentem
1733 4330 2082 4417 Alpinam,
2112 4328 2396 4400 domuit.

232 4425 389 4497 Alter
412 4432 1038 4519 Pseudophilippus
1066 4434 1136 4501 in
1166 4433 1579 4502 Macedonia
1616 4456 1662 4502 a
1703 4434 1784 4501 L.
1813 4434 2176 4501 Tremellio
2207 4454 2399 4520 quae-
